@article{myung2013,
  title={A tutorial on adaptive design optimization},
  author={Myung, Jay I and Cavagnaro, Daniel R and Pitt, Mark A},
  journal={Journal of mathematical psychology},
  volume={57},
  number={3-4},
  pages={53--67},
  year={2013},
  publisher={Elsevier}
}
@article{ouyang2016,
  title={Practical optimal experiment design with probabilistic programs},
  author={Ouyang, Long and Tessler, Michael Henry and Ly, Daniel and Goodman, Noah},
  journal={arXiv preprint arXiv:1608.05046},
  year={2016}
}
@article{lindley1956,
  title={On a measure of the information provided by an experiment},
  author={Lindley, Dennis V},
  journal={The Annals of Mathematical Statistics},
  pages={986--1005},
  year={1956},
  publisher={JSTOR}
}
@article{medin1978,
  title={Context theory of classification learning.},
  author={Medin, Douglas L and Schaffer, Marguerite M},
  journal={Psychological review},
  volume={85},
  number={3},
  pages={207},
  year={1978},
  publisher={American Psychological Association}
}
@article{vincent2017,
  title={The DARC Toolbox: automated, flexible, and efficient delayed and risky choice experiments using Bayesian adaptive design},
  author={Vincent, Benjamin T and Rainforth, Tom},
  year={2017},
  publisher={PsyArXiv}
}
@article{vanlier2012,
  title={A Bayesian approach to targeted experiment design},
  author={Vanlier, Joep and Tiemann, Christian A and Hilbers, Peter AJ and van Riel, Natal AW},
  journal={Bioinformatics},
  volume={28},
  number={8},
  pages={1136--1142},
  year={2012},
  publisher={Oxford University Press}
}
@inproceedings{golovin2010,
  title={Near-optimal bayesian active learning with noisy observations},
  author={Golovin, Daniel and Krause, Andreas and Ray, Debajyoti},
  booktitle={Advances in Neural Information Processing Systems},
  pages={766--774},
  year={2010}
}
@article{berg2003,
  title={Optimal nonlinear Bayesian experimental design: an application to amplitude versus offset experiments},
  author={van Den Berg, Jojanneke and Curtis, Andrew and Trampert, Jeannot},
  journal={Geophysical Journal International},
  volume={155},
  number={2},
  pages={411--421},
  year={2003},
  publisher={Blackwell Publishing Ltd Oxford, UK}
}
@article{youssefreview,
  title={A Review On Optimal Experimental Design},
  author={Youssef, Noha A}
}
@article{chaloner1984,
  title={Optimal Bayesian experimental design for linear models},
  author={Chaloner, Kathryn},
  journal={The Annals of Statistics},
  pages={283--300},
  year={1984},
  publisher={JSTOR}
}
@inproceedings{nowak2009,
  title={Noisy generalized binary search},
  author={Nowak, Robert},
  booktitle={Advances in neural information processing systems},
  pages={1366--1374},
  year={2009}
}
@inproceedings{dasgupta2006,
  title={Coarse sample complexity bounds for active learning},
  author={Dasgupta, Sanjoy},
  booktitle={Advances in neural information processing systems},
  pages={235--242},
  year={2006}
}
@inproceedings{nmc,
  title={On nesting Monte Carlo estimators},
  author={Rainforth, Tom and Cornish, Robert and Yang, Hongseok and Warrington, Andrew and Wood, Frank},
  booktitle={International Conference on Machine Learning},
  pages={4264--4273},
  year={2018}
}
@inproceedings{bntl,
	title={Sampling and inference for beta neutral-to-the-left models of sparse networks},
	author={Bloem-Reddy, Benjamin and Foster, Adam and Mathieu, Emile and Teh, Yee Whye},
	booktitle={Uncertainty in Artifical Intelligence},
	year={2018}
}

@inproceedings{bnpppl,
	title={Sampling and inference for discrete random probability measures in probabilistic programs},
	author={Bloem-Reddy, Benjamin and Mathieu, Emile and Foster, Adam and Rainforth, Tom and Teh, Yee Whye and Ge, Hong and Lomel{\'\i}, Mar{\'\i}a and Ghahramani, Zoubin},
	booktitle={NIPS Workshop on Advances in Approximate Bayesian Inference},
	year={2017}
}

@techreport{box1982,
  title={Choice of Response Surface Design and Alphabetic Optimality.},
  author={Box, George EP},
  year={1982},
  institution={WISCONSIN UNIV-MADISON MATHEMATICS RESEARCH CENTER}
}

@book{fedorov1972,
  title={Theory of optimal experiments},
  author={Fedorov, VV},
  publisher={Academic Press, New York},
  year={1972}
}

@article{chaloner1995,
  title={Bayesian experimental design: A review},
  author={Chaloner, Kathryn and Verdinelli, Isabella},
  journal={Statistical Science},
  pages={273--304},
  year={1995},
  publisher={JSTOR}
}

@article{pronzato2010,
  title={One-step ahead adaptive D-optimal design on a finite design space is asymptotically optimal},
  author={Pronzato, Luc},
  journal={Metrika},
  volume={71},
  number={2},
  pages={219--238},
  year={2010},
  publisher={Springer}
}

@book{lindley1972,
  title={Bayesian statistics, a review},
  author={Lindley, Dennis Victor},
  volume={2},
  year={1972},
  publisher={SIAM}
}

@article{ryan2015,
  title={Fully Bayesian experimental design for pharmacokinetic studies},
  author={Ryan, Elizabeth G and Drovandi, Christopher C and Pettitt, Anthony N},
  journal={Entropy},
  volume={17},
  number={3},
  pages={1063--1089},
  year={2015},
  publisher={Multidisciplinary Digital Publishing Institute}
}

@article{pang2018,
  title={Meta-Learning Transferable Active Learning Policies by Deep Reinforcement Learning},
  author={Pang, Kunkun and Dong, Mingzhi and Wu, Yang and Hospedales, Timothy},
  journal={arXiv preprint arXiv:1806.04798},
  year={2018}
}

@inproceedings{gonzalez2016,
  title={GLASSES: Relieving the myopia of Bayesian optimisation},
  author={Gonz{\'a}lez, Javier and Osborne, Michael and Lawrence, Neil},
  booktitle={Artificial Intelligence and Statistics},
  pages={790--799},
  year={2016}
}
@article{paninski2005,
  title={Asymptotic theory of information-theoretic experimental design},
  author={Paninski, Liam},
  journal={Neural Computation},
  volume={17},
  number={7},
  pages={1480--1507},
  year={2005},
  publisher={MIT Press}
}
@article{hu1998,
  title={On sequential designs in nonlinear problems},
  author={Hu, Inchi},
  journal={Biometrika},
  volume={85},
  number={2},
  pages={496--503},
  year={1998},
  publisher={Oxford University Press}
}
@article{berry1985,
  title={Bandit problems: sequential allocation of experiments (Monographs on statistics and applied probability)},
  author={Berry, Donald A and Fristedt, Bert},
  journal={London: Chapman and Hall},
  volume={5},
  year={1985},
  publisher={Springer}
}
@inproceedings{infogan,
  title={Infogan: Interpretable representation learning by information maximizing generative adversarial nets},
  author={Chen, Xi and Duan, Yan and Houthooft, Rein and Schulman, John and Sutskever, Ilya and Abbeel, Pieter},
  booktitle={Advances in neural information processing systems},
  pages={2172--2180},
  year={2016}
}
@article{tianqichen,
  title={Isolating Sources of Disentanglement in Variational Autoencoders},
  author={Chen, Tian Qi and Li, Xuechen and Grosse, Roger and Duvenaud, David},
  journal={arXiv preprint arXiv:1802.04942},
  year={2018}
}
@article{long2013,
  title={Fast estimation of expected information gains for Bayesian experimental designs based on Laplace approximations},
  author={Long, Quan and Scavino, Marco and Tempone, Ra{\'u}l and Wang, Suojin},
  journal={Computer Methods in Applied Mechanics and Engineering},
  volume={259},
  pages={24--39},
  year={2013},
  publisher={Elsevier}
}
@article{ba,
  title={The IM algorithm: a variational approach to information maximization},
  author={Barber, David and Agakov, Felix},
  journal={Advances in Neural Information Processing Systems},
  volume={16},
  pages={201},
  year={2004}
}
@article{mine,
  title={MINE: mutual information neural estimation},
  author={Belghazi, Ishmael and Rajeswar, Sai and Baratin, Aristide and Hjelm, R Devon and Courville, Aaron},
  journal={arXiv preprint arXiv:1801.04062},
  year={2018}
}
@inproceedings{fgan,
  title={f-gan: Training generative neural samplers using variational divergence minimization},
  author={Nowozin, Sebastian and Cseke, Botond and Tomioka, Ryota},
  booktitle={Advances in Neural Information Processing Systems},
  pages={271--279},
  year={2016}
}
@inproceedings{pes,
  title={Predictive entropy search for efficient global optimization of black-box functions},
  author={Hern{\'a}ndez-Lobato, Jos{\'e} Miguel and Hoffman, Matthew W and Ghahramani, Zoubin},
  booktitle={Advances in neural information processing systems},
  pages={918--926},
  year={2014}
}
@article{shahriari2016,
  title={Taking the human out of the loop: A review of bayesian optimization},
  author={Shahriari, Bobak and Swersky, Kevin and Wang, Ziyu and Adams, Ryan P and De Freitas, Nando},
  journal={Proceedings of the IEEE},
  volume={104},
  number={1},
  pages={148--175},
  year={2016},
  publisher={IEEE}
}
@article{srinivas2009,
  title={Gaussian process optimization in the bandit setting: No regret and experimental design},
  author={Srinivas, Niranjan and Krause, Andreas and Kakade, Sham M and Seeger, Matthias},
  journal={arXiv preprint arXiv:0912.3995},
  year={2009}
}
@article{mcleod2017,
  title={Practical Bayesian Optimization for Variable Cost Objectives},
  author={McLeod, Mark and Osborne, Michael A and Roberts, Stephen J},
  journal={arXiv preprint arXiv:1703.04335},
  year={2017}
}
@inproceedings{marchant2014,
  title={Sequential Bayesian Optimisation for Spatial-Temporal Monitoring.},
  author={Marchant, Roman and Ramos, Fabio and Sanner, Scott and others},
  booktitle={UAI},
  pages={553--562},
  year={2014}
}
@article{ginsbourger2008,
  title={A multi-points criterion for deterministic parallel global optimization based on Gaussian processes},
  author={Ginsbourger, David and Le Riche, Rodolphe and Carraro, Laurent},
  year={2008}
}
@article{azimi2012,
  title={Hybrid batch Bayesian optimization},
  author={Azimi, Javad and Jalali, Ali and Fern, Xiaoli},
  journal={arXiv preprint arXiv:1202.5597},
  year={2012}
}
@article{cohn1996,
  title={Active learning with statistical models},
  author={Cohn, David A and Ghahramani, Zoubin and Jordan, Michael I},
  journal={Journal of artificial intelligence research},
  volume={4},
  pages={129--145},
  year={1996}
}
@inproceedings{gal2016,
  title={Dropout as a Bayesian approximation: Representing model uncertainty in deep learning},
  author={Gal, Yarin and Ghahramani, Zoubin},
  booktitle={international conference on machine learning},
  pages={1050--1059},
  year={2016}
}
@book{kruschkebda,
  title={Doing Bayesian data analysis: A tutorial with R, JAGS, and Stan},
  author={Kruschke, John},
  year={2014},
  publisher={Academic Press}
}
@book{gelmanbda,
  title={Bayesian data analysis},
  author={Gelman, Andrew and Stern, Hal S and Carlin, John B and Dunson, David B and Vehtari, Aki and Rubin, Donald B},
  year={2013},
  publisher={Chapman and Hall/CRC}
}
@article{drovandi2017,
  title={Principles of experimental design for Big Data analysis},
  author={Drovandi, Christopher C and Holmes, Christopher and McGree, James M and Mengersen, Kerrie and Richardson, Sylvia and Ryan, Elizabeth G},
  journal={Statistical science: a review journal of the Institute of Mathematical Statistics},
  volume={32},
  number={3},
  pages={385},
  year={2017},
  publisher={Europe PMC Funders}
}
@article{ryanreview,
  title={Fully Bayesian Optimal Experimental Design: A Review},
  author={E.G. Ryan and C.C. Drovandi and J.M. McGree and A.N. Pettitt},
  journal={Preprint eprints.qut.edu.au/75000/1/75000.pdf},
  year={2018}
}
@article{rouder2014,
  title={Optional stopping: No problem for Bayesians},
  author={Rouder, Jeffrey N},
  journal={Psychonomic Bulletin \& Review},
  volume={21},
  number={2},
  pages={301--308},
  year={2014},
  publisher={Springer}
}

@article{de2017,
  title={Why optional stopping is a problem for Bayesians},
  author={de Heide, Rianne and Gr{\"u}nwald, Peter D},
  journal={arXiv preprint arXiv:1708.08278},
  year={2017}
}
@article{shafer2011,
  title={Test martingales, Bayes factors and p-values},
  author={Shafer, Glenn and Shen, Alexander and Vereshchagin, Nikolai and Vovk, Vladimir and others},
  journal={Statistical Science},
  volume={26},
  number={1},
  pages={84--101},
  year={2011},
  publisher={Institute of Mathematical Statistics}
}
@inproceedings{paige2016inference,
	title={Inference networks for sequential Monte Carlo in graphical models},
	author={Paige, Brooks and Wood, Frank},
	booktitle={International Conference on Machine Learning},
	pages={3040--3049},
	year={2016}
}

@inproceedings{kingma2014auto,
	title={Auto-encoding variational {Bayes}},
	author={Kingma, Diederik P and Welling, Max},
	year = {2014},
	booktitle = {ICLR}
}

@inproceedings{rezende2014stochastic,
	author = {Rezende, Danilo Jimenez and Mohamed, Shakir and Wierstra, Daan },
	title = {Stochastic backpropagation and approximate inference in deep generative models},
	booktitle = {ICML},
	year = {2014},
}

@inproceedings{stuhlmuller2013learning,
	title={Learning stochastic inverses},
	author={Stuhlm{\"u}ller, Andreas and Taylor, Jacob and Goodman, Noah},
	booktitle={Advances in neural information processing systems},
	pages={3048--3056},
	year={2013}
}
@article{dayan1995helmholtz,
  title={The helmholtz machine},
  author={Dayan, Peter and Hinton, Geoffrey E and Neal, Radford M and Zemel, Richard S},
  journal={Neural computation},
  volume={7},
  number={5},
  pages={889--904},
  year={1995},
  publisher={MIT Press}
}
@article{rezende2015variational,
  title={Variational inference with normalizing flows},
  author={Rezende, Danilo Jimenez and Mohamed, Shakir},
  journal={arXiv preprint arXiv:1505.05770},
  year={2015}
}
@article{tabak2013family,
  title={A family of nonparametric density estimation algorithms},
  author={Tabak, EG and Turner, Cristina V},
  journal={Communications on Pure and Applied Mathematics},
  volume={66},
  number={2},
  pages={145--164},
  year={2013},
  publisher={Wiley Online Library}
}
@article{pyro,
  author = {Bingham, Eli and Chen, Jonathan P. and Jankowiak, Martin and Obermeyer, Fritz and Pradhan, Neeraj and Karaletsos, Theofanis and Singh, Rohit and Szerlip, Paul and Horsfall, Paul and Goodman, Noah D.},
  title = {{Pyro: Deep Universal Probabilistic Programming}},
  journal = {arXiv preprint arXiv:1810.09538},
  year = {2018}
}
@article{robbins1951stochastic,
  title={A stochastic approximation method},
  author={Robbins, Herbert and Monro, Sutton},
  journal={The annals of mathematical statistics},
  pages={400--407},
  year={1951},
  publisher={JSTOR}
}
@article{piera2009,
  title={On convergence properties of Shannon entropy},
  author={Piera, Francisco J and Parada, Patricio},
  journal={Problems of Information Transmission},
  volume={45},
  number={2},
  pages={75--94},
  year={2009},
  publisher={Springer}
}
@article{kingma2014adam,
  title={Adam: A method for stochastic optimization},
  author={Kingma, Diederik P and Ba, Jimmy},
  journal={arXiv preprint arXiv:1412.6980},
  year={2014}
}
@article{lueckmann2018,
  title={Likelihood-free inference with emulator networks},
  author={Lueckmann, Jan-Matthis and Bassetto, Giacomo and Karaletsos, Theofanis and Macke, Jakob H},
  journal={arXiv preprint arXiv:1805.09294},
  year={2018}
}
@article{torgerson1952multidimensional,
  title={Multidimensional scaling: I. Theory and method},
  author={Torgerson, Warren S},
  journal={Psychometrika},
  volume={17},
  number={4},
  pages={401--419},
  year={1952},
  publisher={Springer}
}
@article{shepard1962analysis,
  title={The analysis of proximities: multidimensional scaling with an unknown distance function. I.},
  author={Shepard, Roger N},
  journal={Psychometrika},
  volume={27},
  number={2},
  pages={125--140},
  year={1962},
  publisher={Springer}
}
@article{iwae,
  title={Importance weighted autoencoders},
  author={Burda, Yuri and Grosse, Roger and Salakhutdinov, Ruslan},
  journal={arXiv preprint arXiv:1509.00519},
  year={2015}
}
@inproceedings{tucker2017rebar,
  title={Rebar: Low-variance, unbiased gradient estimates for discrete latent variable models},
  author={Tucker, George and Mnih, Andriy and Maddison, Chris J and Lawson, John and Sohl-Dickstein, Jascha},
  booktitle={Advances in Neural Information Processing Systems},
  pages={2627--2636},
  year={2017}
}
@inproceedings{goodfellow2014generative,
  title={Generative adversarial nets},
  author={Goodfellow, Ian and Pouget-Abadie, Jean and Mirza, Mehdi and Xu, Bing and Warde-Farley, David and Ozair, Sherjil and Courville, Aaron and Bengio, Yoshua},
  booktitle={Advances in neural information processing systems},
  pages={2672--2680},
  year={2014}
}
@inproceedings{osborne2009gaussian,
  title={Gaussian processes for global optimization},
  author={Osborne, Michael A and Garnett, Roman and Roberts, Stephen J},
  booktitle={3rd international conference on learning and intelligent optimization (LION3)},
  pages={1--15},
  year={2009}
}
@book{chernoff1972sequential,
  title={Sequential analysis and optimal design},
  author={Chernoff, Herman},
  volume={8},
  year={1972},
  publisher={Siam}
}
@inproceedings{pomcp,
  title={Monte-Carlo planning in large POMDPs},
  author={Silver, David and Veness, Joel},
  booktitle={Advances in neural information processing systems},
  pages={2164--2172},
  year={2010}
}
@article{pearl2009causal,
  title={Causal inference in statistics: An overview},
  author={Pearl, Judea and others},
  journal={Statistics surveys},
  volume={3},
  pages={96--146},
  year={2009},
  publisher={The author, under a Creative Commons Attribution License}
}
@article{box1976,
  title={Science and statistics},
  author={Box, George EP},
  journal={Journal of the American Statistical Association},
  volume={71},
  number={356},
  pages={791--799},
  year={1976},
  publisher={Taylor \& Francis}
}
@article{chen2020simple,
	title={A simple framework for contrastive learning of visual representations},
	author={Chen, Ting and Kornblith, Simon and Norouzi, Mohammad and Hinton, Geoffrey},
	journal={arXiv preprint arXiv:2002.05709},
	year={2020}
}


@article{zintgraf2019varibad,
	title={{VariBAD: A Very Good Method for Bayes-Adaptive Deep RL via Meta-Learning}},
	author={Zintgraf, Luisa and Shiarlis, Kyriacos and Igl, Maximilian and Schulze, Sebastian and Gal, Yarin and Hofmann, Katja and Whiteson, Shimon},
	journal={arXiv preprint arXiv:1910.08348},
	year={2019}
}

@phdthesis{guez2015sample,
	title={Sample-based search methods for Bayes-adaptive planning},
	author={Guez, AG},
	year={2015},
	school={UCL (University College London)}
}


@article{oord2018representation,
	title={Representation learning with contrastive predictive coding},
	author={{van den Oord}, Aaron and Li, Yazhe and Vinyals, Oriol},
	journal={arXiv preprint arXiv:1807.03748},
	year={2018}
}

@article{henaff2019data,
	title={Data-efficient image recognition with contrastive predictive coding},
	author={H{\'e}naff, Olivier J and Razavi, Ali and Doersch, Carl and Eslami, SM and Oord, Aaron van den},
	journal={arXiv preprint arXiv:1905.09272},
	year={2019}
}

@article{tian2019contrastive,
	title={Contrastive multiview coding},
	author={Tian, Yonglong and Krishnan, Dilip and Isola, Phillip},
	journal={arXiv preprint arXiv:1906.05849},
	year={2019}
}

@article{devlin2018bert,
	title={{BERT}: Pre-training of deep bidirectional transformers for language understanding},
	author={Devlin, Jacob and Chang, Ming-Wei and Lee, Kenton and Toutanova, Kristina},
	journal={arXiv preprint arXiv:1810.04805},
	year={2018}
}

@article{hjelm2018learning,
	title={Learning deep representations by mutual information estimation and maximization},
	author={Hjelm, R Devon and Fedorov, Alex and Lavoie-Marchildon, Samuel and Grewal, Karan and Bachman, Phil and Trischler, Adam and Bengio, Yoshua},
	journal={arXiv preprint arXiv:1808.06670},
	year={2018}
}

@article{poole2019variational,
	title={On variational bounds of mutual information},
	author={Poole, Ben and Ozair, Sherjil and Oord, Aaron van den and Alemi, Alexander A and Tucker, George},
	journal={arXiv preprint arXiv:1905.06922},
	year={2019}
}

@article{kahn1953methods,
	title={Methods of reducing sample size in Monte Carlo computations},
	author={Kahn, Herman and Marshall, Andy W},
	journal={Journal of the Operations Research Society of America},
	volume={1},
	number={5},
	pages={263--278},
	year={1953},
	publisher={INFORMS}
}

@inproceedings{vaswani2017attention,
	title={Attention is all you need},
	author={Vaswani, Ashish and Shazeer, Noam and Parmar, Niki and Uszkoreit, Jakob and Jones, Llion and Gomez, Aidan N and Kaiser, {\L}ukasz and Polosukhin, Illia},
	booktitle={Advances in neural information processing systems},
	pages={5998--6008},
	year={2017}
}

@article{foster2019unified,
	title={A Unified Stochastic Gradient Approach to Designing Bayesian-Optimal Experiments},
	author={Foster, Adam and Jankowiak, Martin and O'Meara, Matthew and Teh, Yee Whye and Rainforth, Tom},
	journal={arXiv preprint arXiv:1911.00294},
	year={2019}
}

@article{he2019momentum,
	title={Momentum contrast for unsupervised visual representation learning},
	author={He, Kaiming and Fan, Haoqi and Wu, Yuxin and Xie, Saining and Girshick, Ross},
	journal={arXiv preprint arXiv:1911.05722},
	year={2019}
}

@inproceedings{wu2018unsupervised,
	title={Unsupervised feature learning via non-parametric instance discrimination},
	author={Wu, Zhirong and Xiong, Yuanjun and Yu, Stella X and Lin, Dahua},
	booktitle={Proceedings of the IEEE Conference on Computer Vision and Pattern Recognition},
	pages={3733--3742},
	year={2018}
}

@article{kronmal1979alias,
	title={On the alias method for generating random variables from a discrete distribution},
	author={Kronmal, Richard A and Peterson Jr, Arthur V},
	journal={The American Statistician},
	volume={33},
	number={4},
	pages={214--218},
	year={1979},
	publisher={Taylor \& Francis Group}
}

@inproceedings{shrivastava2016training,
	title={Training region-based object detectors with online hard example mining},
	author={Shrivastava, Abhinav and Gupta, Abhinav and Girshick, Ross},
	booktitle={Proceedings of the IEEE conference on computer vision and pattern recognition},
	pages={761--769},
	year={2016}
}

@article{loshchilov2015online,
	title={Online batch selection for faster training of neural networks},
	author={Loshchilov, Ilya and Hutter, Frank},
	journal={arXiv preprint arXiv:1511.06343},
	year={2015}
}

@inproceedings{wang2015unsupervised,
	title={Unsupervised learning of visual representations using videos},
	author={Wang, Xiaolong and Gupta, Abhinav},
	booktitle={Proceedings of the IEEE International Conference on Computer Vision},
	pages={2794--2802},
	year={2015}
}

@inproceedings{ozair2019wasserstein,
	title={Wasserstein dependency measure for representation learning},
	author={Ozair, Sherjil and Lynch, Corey and Bengio, Yoshua and Van den Oord, Aaron and Levine, Sergey and Sermanet, Pierre},
	booktitle={Advances in Neural Information Processing Systems},
	pages={15578--15588},
	year={2019}
}

@article{bornschein2017vma,
	title={Variational Memory Addressing in Generative Models},
	author={J{\"o}rg Bornschein and Andriy Mnih and Daniel Zoran and Danilo Jimenez Rezende},
	journal={ArXiv},
	year={2017},
	volume={abs/1709.07116}
}



@article{lake2015human,
	title={Human-level concept learning through probabilistic program induction},
	author={Lake, Brenden M and Salakhutdinov, Ruslan and Tenenbaum, Joshua B},
	journal={Science},
	volume={350},
	number={6266},
	pages={1332--1338},
	year={2015},
	publisher={American Association for the Advancement of Science}
}

@article{krizhevsky2009learning,
	title={Learning multiple layers of features from tiny images},
	author={Krizhevsky, Alex and Hinton, Geoffrey and others},
	year={2009},
	publisher={Citeseer}
}

@inproceedings{liu2015deep,
	title={Deep learning face attributes in the wild},
	author={Liu, Ziwei and Luo, Ping and Wang, Xiaogang and Tang, Xiaoou},
	booktitle={Proceedings of the IEEE international conference on computer vision},
	pages={3730--3738},
	year={2015}
}

@article{kingma2014adam,
	title={Adam: A method for stochastic optimization},
	author={Kingma, Diederik P and Ba, Jimmy},
	journal={arXiv preprint arXiv:1412.6980},
	year={2014}
}

@incollection{paszke2019pytorch,
	title = {PyTorch: An Imperative Style, High-Performance Deep Learning Library},
	author = {Paszke, Adam and Gross, Sam and Massa, Francisco and Lerer, Adam and Bradbury, James and Chanan, Gregory and Killeen, Trevor and Lin, Zeming and Gimelshein, Natalia and Antiga, Luca and Desmaison, Alban and Kopf, Andreas and Yang, Edward and DeVito, Zachary and Raison, Martin and Tejani, Alykhan and Chilamkurthy, Sasank and Steiner, Benoit and Fang, Lu and Bai, Junjie and Chintala, Soumith},
	booktitle = {Advances in Neural Information Processing Systems 32},
	editor = {H. Wallach and H. Larochelle and A. Beygelzimer and F. d\textquotesingle Alch\'{e}-Buc and E. Fox and R. Garnett},
	pages = {8024--8035},
	year = {2019},
	publisher = {Curran Associates, Inc.},
}

@inproceedings{cohen2019general,
	title={A general theory of equivariant cnns on homogeneous spaces},
	author={Cohen, Taco S and Geiger, Mario and Weiler, Maurice},
	booktitle={Advances in Neural Information Processing Systems},
	pages={9142--9153},
	year={2019}
}

@article{pauli2020training,
	title={Training robust neural networks using Lipschitz bounds},
	author={Pauli, Patricia and Koch, Anne and Berberich, Julian and Allg{\"o}wer, Frank},
	journal={arXiv preprint arXiv:2005.02929},
	year={2020}
}
@article{lyle2020benefits,
	title={On the Benefits of Invariance in Neural Networks},
	author={Lyle, Clare and van der Wilk, Mark and Kwiatkowska, Marta and Gal, Yarin and Bloem-Reddy, Benjamin},
	journal={arXiv preprint arXiv:2005.00178},
	year={2020}
}

@article{kraskov2004estimating,
	title={Estimating mutual information},
	author={Kraskov, Alexander and St{\"o}gbauer, Harald and Grassberger, Peter},
	journal={Physical review E},
	volume={69},
	number={6},
	pages={066138},
	year={2004},
	publisher={APS}
}

@article{belghazi2018mine,
	title={Mine: mutual information neural estimation},
	author={Belghazi, Mohamed Ishmael and Baratin, Aristide and Rajeswar, Sai and Ozair, Sherjil and Bengio, Yoshua and Courville, Aaron and Hjelm, R Devon},
	journal={arXiv preprint arXiv:1801.04062},
	year={2018}
}

@article{li2017gradient,
	title={Gradient estimators for implicit models},
	author={Li, Yingzhen and Turner, Richard E},
	journal={arXiv preprint arXiv:1705.07107},
	year={2017}
}

@article{shi2018spectral,
	title={A spectral approach to gradient estimation for implicit distributions},
	author={Shi, Jiaxin and Sun, Shengyang and Zhu, Jun},
	journal={arXiv preprint arXiv:1806.02925},
	year={2018}
}


