@article{ryan2014towards,
  title = {Towards Bayesian experimental design for nonlinear models that require a large number of sampling times},
  journal = {Computational Statistics \& Data Analysis},
  volume = {70},
  pages = {45-60},
  year = {2014},
  issn = {0167-9473},
  doi = {https://doi.org/10.1016/j.csda.2013.08.017},
  url = {https://www.sciencedirect.com/science/article/pii/S0167947313003149},
  author = {Elizabeth G. Ryan and Christopher C. Drovandi and M. Helen Thompson and Anthony N. Pettitt},
}


@Article{Marttinen2015,
  author    = {Marttinen, P. and Croucher, N.J. and Gutmann, M. and Corander, J. and Hanage, W.P.},
  journal   = {Microbial Genomics},
  title     = {Recombination produces coherent bacterial species clusters in both core and accessory genomes},
  year      = {2015},
  number    = {5},
  volume    = {1},
  doi       = {http://dx.doi.org/10.1099/mgen.0.000038}
}

@Article{Tavare1997,
  author    = {Tavar\'e, Simon and Balding, David J. and Griffiths, R. C. and Donnelly, Peter},
  journal   = {Genetics},
  title     = {Inferring Coalescence Times From DNA Sequence Data},
  year      = {1997},
  number    = {2},
  pages     = {505--518},
  volume    = {145}
}

@Article{Corander2017,
  author    = {Corander, J. and Fraser, C. and Gutmann, M.U. and Arnold, B. and Hanage, W.P. and Bentley, S.D. and Lipsitch, M. and Croucher, N.J.},
  journal   = {Nature Ecology \& Evolution},
  title     = {Frequency-dependent selection in vaccine-associated pneumococcal population dynamics},
  year      = {2017},
  pages     = {1950--1960},
  volume    = {1}
}

@InProceedings{Schafer2012,
    author="Schafer, Chad M. and Freeman, Peter E.",
    editor="Feigelson, Eric D. and Babu, G. Jogesh",
    title="Likelihood-Free Inference in Cosmology: Potential for the Estimation of Luminosity Functions",
    booktitle="Statistical Challenges in Modern Astronomy V",
    year="2012",
    publisher="Springer New York",
    address="New York, NY",
    pages="3--19"
}

@article{Cameron2012,
    author = {Cameron, E. and Pettitt, A. N.},
    title = "{Approximate Bayesian Computation for astronomical model analysis: a case study in galaxy demographics and morphological transformation at high redshift}",
    journal = {Monthly Notices of the Royal Astronomical Society},
    volume = {425},
    number = {1},
    pages = {44-65},
    year = {2012},
    month = {09},
    doi = {10.1111/j.1365-2966.2012.21371.x}
}

@Article{Hartig2011,
  author    = {Hartig, Florian and Calabrese, Justin M. and Reineking, Bj\"orn and Wiegand, Thorsten and Huth, Andreas},
  journal   = {Ecology Letters},
  title     = {{S}tatistical inference for stochastic simulation models -- theory and application},
  year      = {2011},
  number    = {8},
  pages     = {816--827},
  volume    = {14},
  url       = {http://dx.doi.org/10.1111/j.1461-0248.2011.01640.x}
}

@Article{Wood2010,
  author    = {Wood, Simon N.},
  journal   = {Nature},
  title     = {{S}tatistical inference for noisy nonlinear ecological dynamic systems},
  year      = {2010},
  month     = aug,
  number    = {7310},
  pages     = {1102--1104},
  volume    = {466}
}


@article {Cranmer2020,
  author = {Cranmer, Kyle and Brehmer, Johann and Louppe, Gilles},
  title = {The frontier of simulation-based inference},
  elocation-id = {201912789},
  year = {2020},
  publisher = {National Academy of Sciences},
  abstract = {Many domains of science have developed complex simulations to describe phenomena of interest. While these simulations provide high-fidelity models, they are poorly suited for inference and lead to challenging inverse problems. We review the rapidly developing field of simulation-based inference and identify the forces giving additional momentum to the field. Finally, we describe how the frontier is expanding so that a broad audience can appreciate the profound influence these developments may have on science.},
  journal = {Proceedings of the National Academy of Sciences}
}


@Article{Lintusaari2017,
  Title                    = {Fundamentals and Recent Developments in Approximate {B}ayesian Computation},
  Author                   = {Lintusaari, J. and Gutmann, M.U. and Dutta, R. and Kaski, S. and Corander, J.},
  Journal                  = {Systematic Biology},
  Year                     = {2017},

  Month                    = jan,
  Number                   = {1},
  Pages                    = {e66--e82},
  Volume                   = {66}
}


@Book{Sisson2018,
  Title                    = {Handbook of Approximate {B}ayesian Computation},
  Author                   = {Sisson, S.A. and Fan, Y. and Beaumont, M.},
  Publisher                = {CRC Press},
  Year                     = {2018},
  Series                   = {Chapman \& Hall/CRC Handbooks of Modern Statistical Methods},
  ISBN                     = {9781351643467}
}

@Article{Green2015,
  Title                    = {Bayesian computation: a summary of the current state, and samples backwards and forwards},
  Author                   = {Green, PeterJ. and Latuszynski, Krzysztof and Pereyra, Marcelo and Robert, Christian P.},
  Journal                  = {Statistics and Computing},
  Year                     = {2015},
  Number                   = {4},
  Pages                    = {835-862},
  Volume                   = {25},
  Doi                      = {10.1007/s11222-015-9574-5}
}

@article{foster2021dad,
  title={Deep Adaptive Design: Amortizing Sequential Bayesian Experimental Design},
  author={Foster, Adam and Ivanova, Desi R and Malik, Ilyas and Rainforth, Tom},
  journal={arXiv preprint arXiv:2103.02438},
  year={2021}
}


@inproceedings{song2020limitations,
  author = {Song, Jiaming and Ermon, Stefano},
  title = {{Understanding the limitations of variational mutual information estimators}}, 
  year = {2020},
  booktitle = {International Conference on Learning Representations}
}

@inproceedings{parmar2018imagetransformer,
  author = {Parmar, Niki and Vaswani, Ashish and Uszkoreit, Jakob and Kaiser, Lukasz and Shazeer, Noam and Ku, Alexander and Tran, Dustin},
  booktitle = {35th International Conference on Machine Learning, ICML 2018},
  title = {{Image transformer}},
  volume = {9},
  year = {2018}
}
@InProceedings{chen2020simclr, 
  title = {A Simple Framework for Contrastive Learning of Visual Representations}, 
  author = {Chen, Ting and Kornblith, Simon and Norouzi, Mohammad and Hinton, Geoffrey}, 
  booktitle = {Proceedings of the 37th International Conference on Machine Learning}, 
  pages = {1597--1607}, 
  year = {2020}, 
  editor = {Hal Daum√© III and Aarti Singh}, 
  volume = {119}, 
  series = {Proceedings of Machine Learning Research}, 
  month = {13--18 Jul}, 
  publisher = {PMLR},
  pdf = {http://proceedings.mlr.press/v119/chen20j/chen20j.pdf}, 
  url = { http://proceedings.mlr.press/v119/chen20j.html }, 
}

@article{nguyen2010nwj,
author = {Nguyen, Xuanlong and Wainwright, Martin J. and Jordan, Michael I.},
doi = {10.1109/TIT.2010.2068870},
issn = {00189448},
journal = {IEEE Transactions on Information Theory},
number = {11},
title = {{Estimating divergence functionals and the likelihood ratio by convex risk minimization}},
volume = {56},
year = {2010}
}



@inproceedings{zhang2021sagabed,
  title={A Stochastic Approximate Gradient Ascent Method for Bayesian Experimental Design with Implicit Models},
  author={Zhang, Jiaxin and Bi, Sirui and Zhang, Guannan},
  booktitle={The 24nd International Conference on Artificial Intelligence and Statistics},
  pages={},
  year={2021}
}

@article{Williams1992,
  author = {Williams, Ronald J.},
  doi = {10.1007/bf00992696},
  issn = {0885-6125},
  journal = {Machine Learning},
  title = {{Simple statistical gradient-following algorithms for connectionist reinforcement learning}},
  year = {1992}
}


@inproceedings{Schulman2015,
  archivePrefix = {arXiv},
  arxivId = {1506.05254},
  author = {Schulman, John and Heess, Nicolas and Weber, Theophane and Abbeel, Pieter},
  booktitle = {Advances in Neural Information Processing Systems},
  eprint = {1506.05254},
  issn = {10495258},
  title = {{Gradient estimation using stochastic computation graphs}},
  year = {2015}
}


@article{chaloner1995,
  title={Bayesian experimental design: A review},
  author={Chaloner, Kathryn and Verdinelli, Isabella},
  journal={Statistical Science},
  pages={273--304},
  year={1995},
  publisher={JSTOR}
}
@techreport{box1982,
  title={Choice of Response Surface Design and Alphabetic Optimality.},
  author={Box, George EP},
  year={1982},
  institution={Wisconsin University-Madison Mathematics Research Center}
}
@article{lindley1956,
  title={On a measure of the information provided by an experiment},
  author={Lindley, Dennis V},
  journal={The Annals of Mathematical Statistics},
  pages={986--1005},
  year={1956},
  publisher={JSTOR}
}
@book{lindley1972,
  title={Bayesian statistics, a review},
  author={Lindley, Dennis V},
  volume={2},
  year={1972},
  publisher={SIAM}
}
@article{vincent2017,
  title={The {DARC} Toolbox: automated, flexible, and efficient delayed and risky choice experiments using Bayesian adaptive design},
  author={Vincent, Benjamin T and Rainforth, Tom},
  year={2017},
  publisher={PsyArXiv},
  journal={Retrieved from psyarxiv.com/yehjb}
}
@article{ouyang2016,
  title={Practical optimal experiment design with probabilistic programs},
  author={Ouyang, Long and Tessler, Michael Henry and Ly, Daniel and Goodman, Noah},
  journal={arXiv preprint arXiv:1608.05046},
  year={2016}
}
@inproceedings{ouyang2018webppl,
  title={webppl-oed: A practical optimal experiment design system},
  author={Ouyang, Long and Tessler, Michael Henry and Ly, Daniel and Goodman, Noah D},
  booktitle={Proceedings of the 40th Annual Meeting of the Cognitive Science Society},
  pages={2192--2197},
  year={2018}
}
@inproceedings{nmc,
  title={On nesting {Monte Carlo} estimators},
  author={Rainforth, Tom and Cornish, Robert and Yang, Hongseok and Warrington, Andrew and Wood, Frank},
  booktitle={International Conference on Machine Learning},
  pages={4264--4273},
  year={2018}
}
@article{myung2013,
  title={A tutorial on adaptive design optimization},
  author={Myung, Jay I and Cavagnaro, Daniel R and Pitt, Mark A},
  journal={Journal of mathematical psychology},
  volume={57},
  number={3-4},
  pages={53--67},
  year={2013},
  publisher={Elsevier}
}

@article{long2013,
  title={Fast estimation of expected information gains for {B}ayesian experimental designs based on {L}aplace approximations},
  author={Long, Quan and Scavino, Marco and Tempone, Ra{\'u}l and Wang, Suojin},
  journal={Computer Methods in Applied Mechanics and Engineering},
  volume={259},
  pages={24--39},
  year={2013},
  publisher={Elsevier}
}
@article{ba,
  title={The {IM} algorithm: a variational approach to information maximization},
  author={Barber, David and Agakov, Felix},
  journal={Advances in Neural Information Processing Systems},
  volume={16},
  pages={201--208},
  year={2003}
}
@article{mine,
  title={{MINE}: mutual information neural estimation},
  author={Belghazi, Ishmael and Rajeswar, Sai and Baratin, Aristide and Hjelm, R Devon and Courville, Aaron},
  journal={arXiv preprint arXiv:1801.04062},
  year={2018}
}
@inproceedings{infogan,
  title={Infogan: {I}nterpretable representation learning by information maximizing generative adversarial nets},
  author={Chen, Xi and Duan, Yan and Houthooft, Rein and Schulman, John and Sutskever, Ilya and Abbeel, Pieter},
  booktitle={Advances in neural information processing systems},
  pages={2172--2180},
  year={2016}
}
@inproceedings{air,
  title={Attend, infer, repeat: {F}ast scene understanding with generative models},
  author={Eslami, SM Ali and Heess, Nicolas and Weber, Theophane and Tassa, Yuval and Szepesvari, David and Hinton, Geoffrey E and others},
  booktitle={Advances in Neural Information Processing Systems},
  pages={3225--3233},
  year={2016}
}
@article{pyro,
  title={Pyro: Deep universal probabilistic programming},
  author={Bingham, Eli and Chen, Jonathan P and Jankowiak, Martin and Obermeyer, Fritz and Pradhan, Neeraj and Karaletsos, Theofanis and Singh, Rohit and Szerlip, Paul and Horsfall, Paul and Goodman, Noah D},
  journal={Journal of Machine Learning Research},
  year={2018}
}
@inproceedings{hernandez2014,
  title={Predictive entropy search for efficient global optimization of black-box functions},
  author={Hern{\'a}ndez-Lobato, Jos{\'e} Miguel and Hoffman, Matthew W and Ghahramani, Zoubin},
  booktitle={Advances in neural information processing systems},
  pages={918--926},
  year={2014}
}
@article{vanlier2012,
  title={A {B}ayesian approach to targeted experiment design},
  author={Vanlier, Joep and Tiemann, Christian A and Hilbers, Peter AJ and van Riel, Natal AW},
  journal={Bioinformatics},
  volume={28},
  number={8},
  pages={1136--1142},
  year={2012},
  publisher={Oxford University Press}
}
@inproceedings{golovin2010,
  title={Near-optimal bayesian active learning with noisy observations},
  author={Golovin, Daniel and Krause, Andreas and Ray, Debajyoti},
  booktitle={Advances in Neural Information Processing Systems},
  pages={766--774},
  year={2010}
}
@article{church,
  title={Church: a language for generative models},
  author={Goodman, Noah and Mansinghka, Vikash and Roy, Daniel M and Bonawitz, Keith and Tenenbaum, Joshua B},
  journal={arXiv preprint arXiv:1206.3255},
  year={2012}
}

@article{rezende2015variational,
  title={Variational inference with normalizing flows},
  author={Rezende, Danilo Jimenez and Mohamed, Shakir},
  journal={arXiv preprint arXiv:1505.05770},
  year={2015}
}


@article{tabak2013family,
  title={A family of nonparametric density estimation algorithms},
  author={Tabak, EG and Turner, Cristina V},
  journal={Communications on Pure and Applied Mathematics},
  volume={66},
  number={2},
  pages={145--164},
  year={2013},
  publisher={Wiley Online Library}
}

@article{dayan1995helmholtz,
  title={The helmholtz machine},
  author={Dayan, Peter and Hinton, Geoffrey E and Neal, Radford M and Zemel, Richard S},
  journal={Neural computation},
  volume={7},
  number={5},
  pages={889--904},
  year={1995},
  publisher={MIT Press}
}

@phdthesis{rainforth2017thesis,
	Author = {Rainforth, Tom},
	Title = {Automating Inference, Learning, and Design using Probabilistic Programming},
	school = {University of Oxford},
	year={2017}}

@article{sebastiani2000maximum,
	title={Maximum entropy sampling and optimal {B}ayesian experimental design},
	author={Sebastiani, Paola and Wynn, Henry P},
	journal={Journal of the Royal Statistical Society: Series B (Statistical Methodology)},
	volume={62},
	number={1},
	year={2000},
	publisher={Wiley Online Library}
}

@article{jordan1999introduction,
  title={An introduction to variational methods for graphical models},
  author={Jordan, Michael I and Ghahramani, Zoubin and Jaakkola, Tommi S and Saul, Lawrence K},
  journal={Machine learning},
  volume={37},
  number={2},
  pages={183--233},
  year={1999},
  publisher={Springer}
}

@article{robbins1951stochastic,
  title={A stochastic approximation method},
  author={Robbins, Herbert and Monro, Sutton},
  journal={The annals of mathematical statistics},
  pages={400--407},
  year={1951},
  publisher={JSTOR}
}

@article{hennig2012entropy,
	title={Entropy search for information-efficient global optimization},
	author={Hennig, Philipp and Schuler, Christian J},
	journal={Journal of Machine Learning Research},
	volume={13},
	number={Jun},
	pages={1809--1837},
	year={2012}
}

@inproceedings{paige2016inference,
	title={Inference networks for sequential {Monte Carlo} in graphical models},
	author={Paige, Brooks and Wood, Frank},
	booktitle={International Conference on Machine Learning},
	pages={3040--3049},
	year={2016}
}

@inproceedings{kingma2014auto,
	title={Auto-encoding variational {Bayes}},
	author={Kingma, Diederik P and Welling, Max},
	year = {2014},
	booktitle = {ICLR}
}

@inproceedings{rezende2014stochastic,
  title = 	 {Stochastic Backpropagation and Approximate Inference in Deep Generative Models},
  author = 	 {Danilo Jimenez Rezende and Shakir Mohamed and Daan Wierstra},
  booktitle = 	 {Proceedings of the 31st International Conference on Machine Learning},
  pages = 	 {1278--1286},
  year = 	 {2014},
  volume = 	 {32}
}


@inproceedings{stuhlmuller2013learning,
	title={Learning stochastic inverses},
	author={Stuhlm{\"u}ller, Andreas and Taylor, Jacob and Goodman, Noah},
	booktitle={Advances in neural information processing systems},
	pages={3048--3056},
	year={2013}
}

@article{alemi2016deep,
	title={Deep variational information bottleneck},
	author={Alemi, Alexander A and Fischer, Ian and Dillon, Joshua V and Murphy, Kevin},
	journal={arXiv preprint arXiv:1612.00410},
	year={2016}
}

@article{chen2018isolating,
	title={Isolating Sources of Disentanglement in Variational Autoencoders},
	author={Chen, Tian Qi and Li, Xuechen and Grosse, Roger and Duvenaud, David},
	journal={arXiv preprint arXiv:1802.04942},
	year={2018}
}

@article{Esmaeili2018up,
	author       = {Esmaeili, Babak and Wu, Hao and Jain, Sarthak and Siddharth, N and Paige, Brooks and van de Meent,
	Jan-Willem},
	title        = {{Hierarchical Disentangled Representations}},
	journal      = {arXiv.org},
	year         = 2018,
	eprint       = {1804.02086v2},
	eprinttype   = {arxiv},
	eprintclass  = {stat.ML},
	month        = apr
}

@article{tolstikhin2017wasserstein,
	title={Wasserstein auto-encoders},
	author={Tolstikhin, Ilya and Bousquet, Olivier and Gelly, Sylvain and Schoelkopf, Bernhard},
	journal={arXiv preprint arXiv:1711.01558},
	year={2017}
}

@inproceedings{snoek2012practical,
  title={Practical {B}ayesian optimization of machine learning algorithms},
  author={Snoek, Jasper and Larochelle, Hugo and Adams, Ryan P},
  booktitle={Advances in neural information processing systems},
  pages={2951--2959},
  year={2012}
}

@article{kingma2014adam,
  title={Adam: {A} method for stochastic optimization},
  author={Kingma, Diederik P and Ba, Jimmy},
  journal={arXiv preprint arXiv:1412.6980},
  year={2014}
}

@article{kleinegesse2018efficient,
  title={Efficient {B}ayesian Experimental Design for Implicit Models},
  author={Kleinegesse, Steven and Gutmann, Michael},
  journal={arXiv preprint arXiv:1810.09912},
  year={2018}
}

@InProceedings{kleinegesse2020mine, 
  title = {{B}ayesian Experimental Design for Implicit Models by Mutual Information Neural Estimation}, 
    author = {Kleinegesse, Steven and Gutmann, Michael}, 
    booktitle = {Proceedings of the 37th International Conference on Machine Learning}, pages = {5316--5326}, 
    year = {2020}, 
    series = {Proceedings of Machine Learning Research}, 
    publisher = {PMLR}, 
    pdf = {http://proceedings.mlr.press/v119/kleinegesse20a/kleinegesse20a.pdf}, 
    url = { http://proceedings.mlr.press/v119/kleinegesse20a.html }, 
    }


@InProceedings{Hainy2016likelihoodfree,
author="Hainy, Markus
and Drovandi, Christopher C.
and McGree, James M.",
editor="Kunert, Joachim
and M{\"u}ller, Christine H.
and Atkinson, Anthony C.",
title="Likelihood-Free Extensions for Bayesian Sequentially Designed Experiments",
booktitle="mODa 11 - Advances in Model-Oriented Design and Analysis",
year="2016",
publisher="Springer International Publishing",
pages="153--161",
}


@article{donsker1975asymptotic,
  title={Asymptotic evaluation of certain {M}arkov process expectations for large time},
  author={Donsker, Monroe D and Varadhan, SR Srinivasa},
  journal={Communications on Pure and Applied Mathematics},
  volume={28},
  number={1},
  pages={1--47},
  year={1975},
  publisher={Wiley Online Library}
}

@inproceedings{shababo2013bayesian,
	title={Bayesian inference and online experimental design for mapping neural microcircuits},
	author={Shababo, Ben and Paige, Brooks and Pakman, Ari and Paninski, Liam},
	booktitle={Advances in Neural Information Processing Systems},
	pages={1304--1312},
	year={2013}
}

@inproceedings{lewi2007efficient,
	title={Efficient active learning with generalized linear models},
	author={Lewi, Jeremy and Butera, Robert and Paninski, Liam},
	booktitle={Artificial Intelligence and Statistics},
	pages={267--274},
	year={2007}
}

@article{paninski2005asymptotic,
	title={Asymptotic theory of information-theoretic experimental design},
	author={Paninski, Liam},
	journal={Neural Computation},
	volume={17},
	number={7},
	pages={1480--1507},
	year={2005},
	publisher={MIT Press}
}

@article{burda2015importance,
  title={Importance weighted autoencoders},
  author={Burda, Yuri and Grosse, Roger and Salakhutdinov, Ruslan},
  journal={arXiv preprint arXiv:1509.00519},
  year={2015}
}

@article{hoffman2013stochastic,
  title={Stochastic variational inference},
  author={Hoffman, Matthew D and Blei, David M and Wang, Chong and Paisley, John},
  journal={The Journal of Machine Learning Research},
  volume={14},
  number={1},
  pages={1303--1347},
  year={2013},
  publisher={JMLR. org}
}

@article{ryan2015fully,
  title={Fully {B}ayesian experimental design for pharmacokinetic studies},
  author={Ryan, Elizabeth G and Drovandi, Christopher C and Pettitt, Anthony N},
  journal={Entropy},
  volume={17},
  number={3},
  pages={1063--1089},
  year={2015},
  publisher={Multidisciplinary Digital Publishing Institute}
}

@article{lewi2009sequential,
  title={Sequential optimal design of neurophysiology experiments},
  author={Lewi, Jeremy and Butera, Robert and Paninski, Liam},
  journal={Neural Computation},
  volume={21},
  number={3},
  pages={619--687},
  year={2009},
  publisher={MIT Press}
}

@article{mescheder2017adversarial,
  title={Adversarial variational bayes: Unifying variational autoencoders and generative adversarial networks},
  author={Mescheder, Lars and Nowozin, Sebastian and Geiger, Andreas},
  journal={arXiv preprint arXiv:1701.04722},
  year={2017}
}

@article{dutta2016likelihood,
  title={Likelihood-free inference by ratio estimation},
  author={Thomas, Owen and Dutta, Ritabrata and Corander, Jukka and Kaski, Samuel and Gutmann, Michael U},
  journal={arXiv preprint arXiv:1611.10242},
  year={2016}
}

@article{doob1949application,
  title={Application of the theory of martingales},
  author={Doob, Joseph L},
  journal={Le calcul des probabilites et ses applications},
  pages={23--27},
  year={1949},
  publisher={Colloque Internationaux du Centre National de la Recherche Scientifique}
}

@inproceedings{tran2017hierarchical,
  title={Hierarchical implicit models and likelihood-free variational inference},
  author={Tran, Dustin and Ranganath, Rajesh and Blei, David},
  booktitle={Advances in Neural Information Processing Systems},
  pages={5523--5533},
  year={2017}
}

@article{tucker2018doubly,
  title={Doubly reparameterized gradient estimators for Monte Carlo objectives},
  author={Tucker, George and Lawson, Dieterich and Gu, Shixiang and Maddison, Chris J},
  journal={arXiv preprint arXiv:1810.04152},
  year={2018}
}

@article{cook2008optimal,
  title={Optimal observation times in experimental epidemic processes},
  author={Cook, Alex R and Gibson, Gavin J and Gilligan, Christopher A},
  journal={Biometrics},
  volume={64},
  number={3},
  pages={860--868},
  year={2008},
  publisher={Wiley Online Library}
}

@article{ehrenfeld1962some,
  title={Some experimental design problems in attribute life testing},
  author={Ehrenfeld, Sylvain},
  journal={Journal of the American Statistical Association},
  volume={57},
  number={299},
  pages={668--679},
  year={1962},
  publisher={Taylor \& Francis Group}
}

@article{godichon2016lp,
  title={{$L^p$} and almost sure rates of convergence of averaged stochastic gradient algorithms: locally strongly convex objective},
  author={Godichon-Baggioni, Antoine},
  journal={arXiv preprint arXiv:1609.05479},
  year={2016}
}

@article{bubeck2015convex,
  title={Convex optimization: Algorithms and complexity},
  author={Bubeck, S{\'e}bastien and others},
  journal={Foundations and Trends{\textregistered} in Machine Learning},
  volume={8},
  number={3-4},
  pages={231--357},
  year={2015},
  publisher={Now Publishers, Inc.}
}

@inproceedings{moulines2011,
	title={Non-asymptotic analysis of stochastic approximation algorithms for machine learning},
	author={Moulines, Eric and Bach, Francis R},
	booktitle={Advances in Neural Information Processing Systems},
	pages={451--459},
	year={2011}
}

@article{amzal2006bayesian,
	title={Bayesian-optimal design via interacting particle systems},
	author={Amzal, Billy and Bois, Fr{\'e}d{\'e}ric Y and Parent, Eric and Robert, Christian P},
	journal={Journal of the American Statistical association},
	volume={101},
	number={474},
	pages={773--785},
	year={2006},
	publisher={Taylor \& Francis}
}

@inproceedings{poole2018variational,
  title={On Variational Bounds of Mutual Information},
  author={Poole, Ben and Ozair, Sherjil and van den Oord, A{\"a}ron and Alemi, Alex and Tucker, George},
  booktitle={International Conference on Machine Learning},
  pages={5171--5180},
  year={2019}
}

@article{oord2018representation,
  title={Representation learning with contrastive predictive coding},
  author={van den Oord, A{\"a}ron and Li, Yazhe and Vinyals, Oriol},
  journal={arXiv preprint arXiv:1807.03748},
  year={2018}
}

@incollection{foster2019variational,
	author = {Foster, Adam and Jankowiak, Martin and Bingham, Elias and Horsfall, Paul and Teh, Yee Whye and Rainforth, Thomas and Goodman, Noah},
	booktitle = {Advances in Neural Information Processing Systems 32},
	pages = {14036--14047},
	publisher = {Curran Associates, Inc.},
	title = {{Variational Bayesian Optimal Experimental Design}},
	year = {2019}
}

@book{brooks2011handbook,
  title={Handbook of {M}arkov chain {M}onte {C}arlo},
  author={Brooks, Steve and Gelman, Andrew and Jones, Galin and Meng, Xiao-Li},
  year={2011},
  chapter={5},
  publisher={CRC press}
}

@article{williams1992simple,
  title={Simple statistical gradient-following algorithms for connectionist reinforcement learning},
  author={Williams, Ronald J},
  journal={Machine learning},
  volume={8},
  number={3-4},
  pages={229--256},
  year={1992},
  publisher={Springer}
}

@incollection{glynn2002some,
  title={Some new perspectives on the method of control variates},
  author={Glynn, Peter W and Szechtman, Roberto},
  booktitle={Monte Carlo and Quasi-Monte Carlo Methods 2000},
  pages={27--49},
  year={2002},
  publisher={Springer}
}

@article{srinivas2009gaussian,
  title={Gaussian process optimization in the bandit setting: No regret and experimental design},
  author={Srinivas, Niranjan and Krause, Andreas and Kakade, Sham M and Seeger, Matthias},
  journal={arXiv preprint arXiv:0912.3995},
  year={2009}
}

@article{arrow1961capital,
  title={Capital-labor substitution and economic efficiency},
  author={Arrow, Kenneth J and Chenery, Hollis B and Minhas, Bagicha S and Solow, Robert M},
  journal={The review of Economics and Statistics},
  pages={225--250},
  year={1961},
  publisher={JSTOR}
}

@article{lyu2019ultra,
  title={Ultra-large library docking for discovering new chemotypes},
  author={Lyu, Jiankun and Wang, Sheng and Balius, Trent E and Singh, Isha and Levit, Anat and Moroz, Yurii S and O‚ÄôMeara, Matthew J and Che, Tao and Algaa, Enkhjargal and Tolmachova, Kateryna and others},
  journal={Nature},
  volume={566},
  number={7743},
  pages={224},
  year={2019},
  publisher={Nature Publishing Group}
}

@article{watson2017quest+,
	title={QUEST+: A general multidimensional Bayesian adaptive psychometric method},
	author={Watson, Andrew B},
	journal={Journal of Vision},
	volume={17},
	number={3},
	pages={10--10},
	year={2017},
	publisher={The Association for Research in Vision and Ophthalmology}
}

@incollection{bottou2010large,
	title={Large-scale machine learning with stochastic gradient descent},
	author={Bottou, L{\'e}on},
	booktitle={Proceedings of COMPSTAT'2010},
	pages={177--186},
	year={2010},
	publisher={Springer}
}

@article{casella1996rao,
	author = {Casella, George and Robert, Christian},
	year = {1996},
	month = {03},
	pages = {81-94},
	title = {Rao-Blackwellisation of Sampling Schemes},
	volume = {83},
	journal = {Biometrika},
	doi = {10.1093/biomet/83.1.81}
}

@article{moriconi2019high,
  title={High-dimensional {B}ayesian optimization using low-dimensional feature spaces},
  author={Moriconi, Riccardo and Kumar, KS and Deisenroth, Marc P},
  journal={arXiv preprint arXiv:1902.10675},
  year={2019}
}

@book{gelman2013bayesian,
  title={Bayesian data analysis},
  author={Gelman, Andrew and Carlin, John B and Stern, Hal S and Dunson, David B and Vehtari, Aki and Rubin, Donald B},
  year={2013},
  publisher={Chapman and Hall/CRC}
}

@article{lorraine2018stochastic,
  title={Stochastic hyperparameter optimization through hypernetworks},
  author={Lorraine, Jonathan and Duvenaud, David},
  journal={arXiv preprint arXiv:1802.09419},
  year={2018}
}

@article{muller2005simulation,
	title={Simulation based optimal design},
	author={M{\"u}ller, Peter},
	journal={Handbook of Statistics},
	volume={25},
	pages={509--518},
	year={2005},
	publisher={Elsevier}
}
@misc{sobolev2019thoughts,
	title={Thoughts on Mutual Information: More Estimators},
	author={Artem Sobolev},
	note={URL http://artem.sobolev.name/posts/2019-08-10-thoughts-on-mutual-information-more-estimators.html},
	year={2019}
}

@inproceedings{pacheco2019variational,
  title={Variational Information Planning for Sequential Decision Making},
  author={Pacheco, Jason and Fisher, John},
  booktitle={The 22nd International Conference on Artificial Intelligence and Statistics},
  pages={2028--2036},
  year={2019}
}

@inproceedings{zheng2018robust,
  title={A robust approach to sequential information theoretic planning},
  author={Zheng, Sue and Pacheco, Jason and Fisher, John},
  booktitle={International Conference on Machine Learning},
  pages={5941--5949},
  year={2018}
}

@incollection{paszke2019pytorch,
title = {PyTorch: An Imperative Style, High-Performance Deep Learning Library},
author = {Paszke, Adam and Gross, Sam and Massa, Francisco and Lerer, Adam and Bradbury, James and Chanan, Gregory and Killeen, Trevor and Lin, Zeming and Gimelshein, Natalia and Antiga, Luca and Desmaison, Alban and Kopf, Andreas and Yang, Edward and DeVito, Zachary and Raison, Martin and Tejani, Alykhan and Chilamkurthy, Sasank and Steiner, Benoit and Fang, Lu and Bai, Junjie and Chintala, Soumith},
booktitle = {Advances in Neural Information Processing Systems 32},
pages = {8024--8035},
year = {2019},
publisher = {Curran Associates, Inc.},
}

@inproceedings{foster2020unified,
  title={A unified stochastic gradient approach to designing bayesian-optimal experiments},
  author={Foster, Adam and Jankowiak, Martin and O‚ÄôMeara, Matthew and Teh, Yee Whye and Rainforth, Tom},
  booktitle={International Conference on Artificial Intelligence and Statistics},
  pages={2959--2969},
  year={2020},
  organization={PMLR}
}


@article{edwards2016towards,
	title={Towards a neural statistician},
	author={Edwards, Harrison and Storkey, Amos},
	journal={arXiv preprint arXiv:1606.02185},
	year={2016}
}

@article{garnelo2018neural,
	title={Neural processes},
	author={Garnelo, Marta and Schwarz, Jonathan and Rosenbaum, Dan and Viola, Fabio and Rezende, Danilo J and Eslami, SM and Teh, Yee Whye},
	journal={arXiv preprint arXiv:1807.01622},
	year={2018}
}
@article{bloem2019probabilistic,
	title={Probabilistic symmetry and invariant neural networks},
	author={Bloem-Reddy, Benjamin and Teh, Yee Whye},
	journal={arXiv preprint arXiv:1901.06082},
	year={2019}
}

@article{huan2016sequential,
	title={Sequential Bayesian optimal experimental design via approximate dynamic programming},
	author={Huan, Xun and Marzouk, Youssef M},
	journal={arXiv preprint arXiv:1604.08320},
	year={2016}
}

@article{kleinegesse2020sequential,
	title={Sequential Bayesian Experimental Design for Implicit Models via Mutual Information},
	author={Kleinegesse, Steven and Drovandi, Christopher and Gutmann, Michael U},
	journal={arXiv preprint arXiv:2003.09379},
	year={2020}
}

@inproceedings{guez2012efficient,
	title={Efficient Bayes-adaptive reinforcement learning using sample-based search},
	author={Guez, Arthur and Silver, David and Dayan, Peter},
	booktitle={Advances in neural information processing systems},
	pages={1025--1033},
	year={2012}
}

@article{dushenko2020sequential,
	title={Sequential Bayesian experiment design for optically detected magnetic resonance of nitrogen-vacancy centers},
	author={Dushenko, Sergey and Ambal, Kapildeb and McMichael, Robert D},
	journal={Physical Review Applied},
	volume={14},
	number={5},
	pages={054036},
	year={2020},
	publisher={APS}
}

@article{garnelo2018conditional,
	title={Conditional neural processes},
	author={Garnelo, Marta and Rosenbaum, Dan and Maddison, Chris J and Ramalho, Tiago and Saxton, David and Shanahan, Murray and Teh, Yee Whye and Rezende, Danilo J and Eslami, SM},
	journal={arXiv preprint arXiv:1807.01613},
	year={2018}
}

@inproceedings{rainforth2018nesting,
	title={On nesting monte carlo estimators},
	author={Rainforth, Tom and Cornish, Rob and Yang, Hongseok and Warrington, Andrew and Wood, Frank},
	booktitle={International Conference on Machine Learning},
	pages={4267--4276},
	year={2018},
	organization={PMLR}
}

@article{hochreiter1997long,
	title={Long short-term memory},
	author={Hochreiter, Sepp and Schmidhuber, J{\"u}rgen},
	journal={Neural computation},
	volume={9},
	number={8},
	pages={1735--1780},
	year={1997},
	publisher={MIT Press}
}

@article{hochreiter1991untersuchungen,
	title={Untersuchungen zu dynamischen neuronalen Netzen},
	author={Hochreiter, Sepp},
	journal={Diploma, Technische Universit{\"a}t M{\"u}nchen},
	volume={91},
	number={1},
	year={1991}
}


@article{Sheng2005,
author = {Sheng, Xiaohong and Hu, Yu Hen},
doi = {10.1109/TSP.2004.838930},
issn = {1053587X},
journal = {IEEE Transactions on Signal Processing},
keywords = {Acoustic energy,Acoustic intensity,Maximum likelihood,Nonlinear least square,Sensor network,Source localization},
title = {{Maximum likelihood multiple-source localization using acoustic energy measurements with wireless sensor networks}},
year = {2005}
}

@inproceedings{vaswani2017attention,
	title={Attention is all you need},
	author={Vaswani, Ashish and Shazeer, Noam and Parmar, Niki and Uszkoreit, Jakob and Jones, Llion and Gomez, Aidan N and Kaiser, {\L}ukasz and Polosukhin, Illia},
	booktitle={Advances in neural information processing systems},
	pages={5998--6008},
	year={2017}
}

@article{kim2019attentive,
	title={Attentive neural processes},
	author={Kim, Hyunjik and Mnih, Andriy and Schwarz, Jonathan and Garnelo, Marta and Eslami, Ali and Rosenbaum, Dan and Vinyals, Oriol and Teh, Yee Whye},
	journal={arXiv preprint arXiv:1901.05761},
	year={2019}
}

@article{schmidhuber2015deep,
	title={Deep learning in neural networks: An overview},
	author={Schmidhuber, J{\"u}rgen},
	journal={Neural networks},
	volume={61},
	pages={85--117},
	year={2015},
	publisher={Elsevier}
}

@inproceedings{silver2014deterministic,
	title={Deterministic policy gradient algorithms},
	author={Silver, David and Lever, Guy and Heess, Nicolas and Degris, Thomas and Wierstra, Daan and Riedmiller, Martin},
	year={2014}
}

@article{doucet2000sequential,
	title={On sequential Monte Carlo sampling methods for Bayesian filtering},
	author={Doucet, Arnaud and Godsill, Simon and Andrieu, Christophe},
	journal={Statistics and computing},
	volume={10},
	number={3},
	pages={197--208},
	year={2000},
	publisher={Springer}
}

@article{senarathne2020laplace,
	title={A Laplace-based algorithm for Bayesian adaptive design},
	author={Senarathne, SGJ and Drovandi, CC and McGree, JM},
	journal={Statistics and Computing},
	volume={30},
	number={5},
	pages={1183--1208},
	year={2020},
	publisher={Springer}
}


@InProceedings{cremer2018suboptimality, 
	title = {Inference Suboptimality in Variational Autoencoders}, 
	author = {Cremer, Chris and Li, Xuechen and Duvenaud, David}, 
	booktitle = {Proceedings of the 35th International Conference on Machine Learning}, 
	pages = {1078--1086}, 
	year = {2018}, 
	volume = {80}, 
	series = {Proceedings of Machine Learning Research}, 
	publisher = {PMLR}
 }
 
 @article{baydin2018ad,
 	title={Automatic differentiation in machine learning: a survey},
 	author={Baydin, Atilim Gunes and Pearlmutter, Barak A and Radul, Alexey Andreyevich and Siskind, Jeffrey Mark},
 	journal={Journal of machine learning research},
 	volume={18},
 	year={2018},
 	publisher={Journal of Machine Learning Research}
 }
 
 @inproceedings{zaheer2017deep,
 	title={Deep sets},
 	author = {Zaheer, Manzil and Kottur, Satwik and Ravanbhakhsh, Siamak and P\'{o}czos, Barnab\'{a}s and Salakhutdinov, Ruslan and Smola, Alexander J},
 	year={2017},
 	booktitle = {Proceedings of the 31st International Conference on Neural Information Processing Systems},
 	series = {NIPS'17}
 }
 
@article{ryan2016review,
	title={A review of modern computational algorithms for Bayesian optimal design},
	author={Ryan, Elizabeth G and Drovandi, Christopher C and McGree, James M and Pettitt, Anthony N},
	journal={International Statistical Review},
	volume={84},
	number={1},
	pages={128--154},
	year={2016},
	publisher={Wiley Online Library}
}


@article{critchfield2001temporal,
	title={Temporal discounting: Basic research and the analysis of socially important behavior},
	author={Critchfield, Thomas S and Kollins, Scott H},
	journal={Journal of applied behavior analysis},
	volume={34},
	number={1},
	pages={101--122},
	year={2001},
	publisher={Wiley Online Library}
}
@article{green2004discounting,
	title={A discounting framework for choice with delayed and probabilistic rewards},
	author={Green, Leonard and Myerson, Joel},
	journal={Psychological bulletin},
	volume={130},
	number={5},
	pages={769},
	year={2004},
	publisher={NIH Public Access}
}
@article{mazur1987adjusting,
	title={An adjusting procedure for studying delayed reinforcement},
	author={Mazur, James E},
	journal={Commons, ML.; Mazur, JE.; Nevin, JA},
	pages={55--73},
	year={1987}
}
@article{kirby2009one,
	title={One-year temporal stability of delay-discount rates},
	author={Kirby, Kris N},
	journal={Psychonomic bulletin \& review},
	volume={16},
	number={3},
	pages={457--462},
	year={2009},
	publisher={Springer}
}
@article{frye2016measuring,
	title={Measuring delay discounting in humans using an adjusting amount task},
	author={Frye, Charles CJ and Galizio, Ann and Friedel, Jonathan E and DeHart, W Brady and Odum, Amy L},
	journal={JoVE (Journal of Visualized Experiments)},
	number={107},
	pages={e53584},
	year={2016}
}
@article{cappe2004population,
	title={Population monte carlo},
	author={Capp{\'e}, Olivier and Guillin, Arnaud and Marin, Jean-Michel and Robert, Christian P},
	journal={Journal of Computational and Graphical Statistics},
	volume={13},
	number={4},
	pages={907--929},
	year={2004},
	publisher={Taylor \& Francis}
}
@book{kruschke2014doing,
	title={Doing Bayesian data analysis: A tutorial with R, JAGS, and Stan},
	author={Kruschke, John},
	year={2014},
	publisher={Academic Press}
}
@article{evans2005value,
	title={The value of online surveys},
	author={Evans, Joel R and Mathur, Anil},
	journal={Internet research},
	year={2005},
	publisher={Emerald Group Publishing Limited}
}
@incollection{pasek2010optimizing,
	title={Optimizing survey questionnaire design in political science},
	author={Pasek, Josh and Krosnick, Jon A},
	booktitle={The Oxford handbook of American elections and political behavior},
	year={2010}
}
@inproceedings{gonzalez2016glasses,
	title={GLASSES: Relieving the myopia of Bayesian optimisation},
	author={Gonz{\'a}lez, Javier and Osborne, Michael and Lawrence, Neil},
	booktitle={Artificial Intelligence and Statistics},
	pages={790--799},
	year={2016},
	organization={PMLR}
}
@inproceedings{jiang2020binoculars,
	title={BINOCULARS for efficient, nonmyopic sequential experimental design},
	author={Jiang, Shali and Chai, Henry and Gonzalez, Javier and Garnett, Roman},
	booktitle={International Conference on Machine Learning},
	pages={4794--4803},
	year={2020},
	organization={PMLR}
}
@article{drovandi2014sequential,
	title={A sequential Monte Carlo algorithm to incorporate model uncertainty in Bayesian sequential design},
	author={Drovandi, Christopher C and McGree, James M and Pettitt, Anthony N},
	journal={Journal of Computational and Graphical Statistics},
	volume={23},
	number={1},
	pages={3--24},
	year={2014},
	publisher={Taylor \& Francis}
}
@article{palmer1998bayesian,
	title={Bayesian optimal design in population models for haematologic data},
	author={Palmer, J Lynn and M{\"u}ller, Peter},
	journal={Statistics in medicine},
	volume={17},
	number={14},
	pages={1613--1622},
	year={1998},
	publisher={Wiley Online Library}
}
@article{mcgree2012adaptive,
	title={Adaptive Bayesian compound designs for dose finding studies},
	author={McGree, James Matthew and Drovandi, Christopher C and Thompson, MH and Eccleston, JA and Duffull, SB and Mengersen, Kerrie and Pettitt, Anthony N and Goggin, Timothy},
	journal={Journal of Statistical Planning and Inference},
	volume={142},
	number={6},
	pages={1480--1492},
	year={2012},
	publisher={Elsevier}
}
@article{del2006sequential,
	title={Sequential monte carlo samplers},
	author={Del Moral, Pierre and Doucet, Arnaud and Jasra, Ajay},
	journal={Journal of the Royal Statistical Society: Series B (Statistical Methodology)},
	volume={68},
	number={3},
	pages={411--436},
	year={2006},
	publisher={Wiley Online Library}
}
@article{wakefield1994expected,
	title={An expected loss approach to the design of dosage regimens via sampling-based methods},
	author={Wakefield, Jon},
	journal={Journal of the Royal Statistical Society: Series D (The Statistician)},
	volume={43},
	number={1},
	pages={13--29},
	year={1994},
	publisher={Wiley Online Library}
}
@article{weaver2016computational,
	title={Computational enhancements to Bayesian design of experiments using Gaussian processes},
	author={Weaver, Brian P and Williams, Brian J and Anderson-Cook, Christine M and Higdon, David M and others},
	journal={Bayesian Analysis},
	volume={11},
	number={1},
	pages={191--213},
	year={2016},
	publisher={International Society for Bayesian Analysis}
}
@article{bisetti2016optimal,
	title={Optimal Bayesian Experimental Design for Priors of Compact Support with Application to Shock-Tube Experiments for Combustion Kinetics},
	author={Bisetti, Fabrizio and Kim, Daesang and Knio, Omar and Long, Quan and Tempone, Raul},
	journal={International Journal for Numerical Methods in Engineering},
	volume={108},
	number={2},
	pages={136--155},
	year={2016},
	publisher={Wiley Online Library}
}
@article{huan2013simulation,
	title={Simulation-based optimal Bayesian experimental design for nonlinear systems},
	author={Huan, Xun and Marzouk, Youssef M},
	journal={Journal of Computational Physics},
	volume={232},
	number={1},
	pages={288--317},
	year={2013},
	publisher={Elsevier}
}
@article{goda2020unbiased,
	title={Unbiased MLMC stochastic gradient-based optimization of Bayesian experimental designs},
	author={Goda, Takashi and Hironaka, Tomohiko and Kitade, Wataru},
	journal={arXiv preprint arXiv:2005.08414},
	year={2020}
}
@article{huan2014gradient,
	title={Gradient-based stochastic optimization methods in Bayesian experimental design},
	author={Huan, Xun and Marzouk, Youssef},
	journal={International Journal for Uncertainty Quantification},
	volume={4},
	number={6},
	year={2014},
	publisher={Begel House Inc.}
}
@article{zheng2020sequential,
	title={Sequential Bayesian Experimental Design with Variable Cost Structure},
	author={Zheng, Sue and Hayden, David and Pacheco, Jason and Fisher III, John W},
	journal={Advances in Neural Information Processing Systems},
	volume={33},
	year={2020}
}
@article{price2018induced,
	title={An induced natural selection heuristic for finding optimal Bayesian experimental designs},
	author={Price, David J and Bean, Nigel G and Ross, Joshua V and Tuke, Jonathan},
	journal={{Computational Statistics \& Data Analysis}},
	volume={126},
	pages={112--124},
	year={2018},
	publisher={Elsevier}
}
@article{han2004bayesian,
	title={Bayesian experimental design for nonlinear mixed-effects models with application to HIV dynamics},
	author={Han, Cong and Chaloner, Kathryn},
	journal={Biometrics},
	volume={60},
	number={1},
	pages={25--33},
	year={2004},
	publisher={Wiley Online Library}
}
@article{cho2014learning,
	title={Learning phrase representations using {RNN} encoder-decoder for statistical machine translation},
	author={Cho, Kyunghyun and van Merri{\"e}nboer, Bart and Gulcehre, Caglar and Bahdanau, Dzmitry and Bougares, Fethi and Schwenk, Holger and Bengio, Yoshua},
	journal={arXiv preprint arXiv:1406.1078},
	year={2014}
}

@article{vincent2016hierarchical,
	title={Hierarchical Bayesian estimation and hypothesis testing for delay discounting tasks},
	author={Vincent, Benjamin T},
	journal={Behavior research methods},
	volume={48},
	number={4},
	pages={1608--1620},
	year={2016},
	publisher={Springer}
}

@article{angelova2012moments,
	title={On moments of sample mean and variance},
	author={Angelova, Jordanka A},
	journal={Int. J. Pure Appl. Math},
	volume={79},
	number={1},
	pages={67--85},
	year={2012}
}
@inproceedings{nowozin2018debiasing,
	title={Debiasing evidence approximations: On importance-weighted autoencoders and jackknife variational inference},
	author={Nowozin, Sebastian},
	booktitle={International Conference on Learning Representations},
	year={2018}
}

@article{tucker2017rebar,
	title={Rebar: Low-variance, unbiased gradient estimates for discrete latent variable models},
	author={Tucker, George and Mnih, Andriy and Maddison, Chris J and Lawson, Dieterich and Sohl-Dickstein, Jascha},
	journal={arXiv preprint arXiv:1703.07370},
	year={2017}
}

@article{mohamed2020monte,
	title={Monte Carlo gradient estimation in machine learning},
	author={Mohamed, Shakir and Rosca, Mihaela and Figurnov, Michael and Mnih, Andriy},
	journal={Journal of Machine Learning Research},
	volume={21},
	number={132},
	pages={1--62},
	year={2020}
}

@inproceedings{parmar2018image,
  title={Image transformer},
  author={Parmar, Niki and Vaswani, Ashish and Uszkoreit, Jakob and Kaiser, Lukasz and Shazeer, Noam and Ku, Alexander and Tran, Dustin},
  booktitle={International Conference on Machine Learning},
  pages={4055--4064},
  year={2018},
  organization={PMLR}
}

@InProceedings{hjelm2019learning,
  author = {Hjelm, Devon and Fedorov, Alex and Lavoie-Marchildon, Samuel and Grewal, Karan and Bachman, Philip and Trischler, Adam and Bengio, Yoshua},
  title = {Learning deep representations by mutual information estimation and maximization},
  organization = {ICLR},
  booktitle = {ICLR 2019},
  year = {2019},
  month = {April}
}

@misc{kleinegesse2021gradientbased,
    title={Gradient-based Bayesian Experimental Design for Implicit Models using Mutual Information Lower Bounds}, 
    author={Steven Kleinegesse and Michael U. Gutmann},
    year={2021},
    eprint={2105.04379},
    archivePrefix={arXiv},
    primaryClass={stat.ML}
}

@article{foster2021improving,
  title = {Improving Transformation Invariance in Contrastive Representation Learning},
  author = {Foster, Adam and Pukdee, Rattana and Rainforth, Tom},
  year = {2021},
  journal = {International Conference on Learning Representations}
}

@inproceedings{devlin2019bert,
  author = {Devlin, Jacob and Chang, Ming Wei and Lee, Kenton and Toutanova, Kristina},
  booktitle = "Proceedings of the 2019 Conference of the North {A}merican Chapter of the Association for Computational Linguistics: Human Language Technologies",
  title = {{BERT: Pre-training of deep bidirectional transformers for language understanding}},
  volume = {1},
  year = {2019},
  pages = {4171--4186}
}

@InProceedings{parisotto2020stabilizing, 
  title = {Stabilizing Transformers for Reinforcement Learning}, 
  author = {Parisotto, Emilio and Song, Francis and Rae, Jack and Pascanu, Razvan and Gulcehre, Caglar and Jayakumar, Siddhant and Jaderberg, Max and Kaufman, Rapha{\"e}l Lopez and Clark, Aidan and Noury, Seb and Botvinick, Matthew and Heess, Nicolas and Hadsell, Raia}, 
  booktitle = {Proceedings of the 37th International Conference on Machine Learning}, 
  pages = {7487--7498}, 
  year = {2020}, 
  volume = {119}, 
  series = {Proceedings of Machine Learning Research}, 
  publisher = {PMLR}, 
}

@misc{huang2018musictransformer,
  author = {Huang, Cheng Zhi Anna and Vaswani, Ashish and Uszkoreit, Jakob and Shazeer, Noam and Simon, Ian and Hawthorne, Curtis and Dai, Andrew M. and  Hoffman, Matthew D. and Dinculescu, Monica and Eck, Douglas},
  booktitle = {International Conference on Learning Representations},
  issn = {23318422},
  title = {{Music transformer: Generating music with long-term structure}},
  year = {2019}
}

@inproceedings{ramachandran2019standalone,
  author = {Ramachandran, Prajit and Parmar, Niki and Vaswani, Ashish and Bello, Irwan and Levskaya, Anselm and Shlens, Jon},
  booktitle = {Advances in Neural Information Processing Systems},
  pages = {},
  publisher = {Curran Associates, Inc.},
  title = {Stand-Alone Self-Attention in Vision Models},
  volume = {32},
  year = {2019}
}

@article{goodfellow2014generative,
  title={Generative adversarial networks},
  author={Goodfellow, Ian J and Pouget-Abadie, Jean and Mirza, Mehdi and Xu, Bing and Warde-Farley, David and Ozair, Sherjil and Courville, Aaron and Bengio, Yoshua},
  journal={arXiv preprint arXiv:1406.2661},
  year={2014}
}

@article{bachman2019learning,
  title={Learning representations by maximizing mutual information across views},
  author={Bachman, Philip and Hjelm, R Devon and Buchwalter, William},
  journal={arXiv preprint arXiv:1906.00910},
  year={2019}
}

@article{csillery2010approximate,
  title={Approximate Bayesian computation (ABC) in practice},
  author={Csill{\'e}ry, Katalin and Blum, Michael GB and Gaggiotti, Oscar E and Fran{\c{c}}ois, Olivier},
  journal={Trends in ecology \& evolution},
  volume={25},
  number={7},
  pages={410--418},
  year={2010},
  publisher={Elsevier}
}

@book{locke1690essay,
	title={An essay concerning human understanding},
	author={Locke, John},
	year={1690},
	publisher={London: Thomas Basset}
}

@article{papadimitriou2004optimal,
	title={Optimal sensor placement methodology for parametric identification of structural systems},
	author={Papadimitriou, Costas},
	journal={Journal of sound and vibration},
	volume={278},
	number={4-5},
	pages={923--947},
	year={2004},
	publisher={Elsevier}
}

@article{houlsby2011bayesian,
	title={Bayesian active learning for classification and preference learning},
	author={Houlsby, Neil and Husz{\'a}r, Ferenc and Ghahramani, Zoubin and Lengyel, M{\'a}t{\'e}},
	journal={arXiv preprint arXiv:1112.5745},
	year={2011}
}
@article{berry2006bayesian,
	title={Bayesian clinical trials},
	author={Berry, Donald A},
	journal={Nature reviews Drug discovery},
	volume={5},
	number={1},
	pages={27--36},
	year={2006},
	publisher={Nature Publishing Group}
}
@inproceedings{shyam2019model,
	title={Model-based active exploration},
	author={Shyam, Pranav and Ja{\'s}kowski, Wojciech and Gomez, Faustino},
	booktitle={International conference on machine learning},
	pages={5779--5788},
	year={2019},
	organization={PMLR}
}
@inproceedings{gal2017deep,
	title={Deep bayesian active learning with image data},
	author={Gal, Yarin and Islam, Riashat and Ghahramani, Zoubin},
	booktitle={International Conference on Machine Learning},
	pages={1183--1192},
	year={2017},
	organization={PMLR}
}
@article{shahriari2015taking,
	title={Taking the human out of the loop: A review of Bayesian optimization},
	author={Shahriari, Bobak and Swersky, Kevin and Wang, Ziyu and Adams, Ryan P and De Freitas, Nando},
	journal={Proceedings of the IEEE},
	volume={104},
	number={1},
	pages={148--175},
	year={2015},
	publisher={IEEE}
}
@article{mohamed2015variational,
	title={Variational information maximisation for intrinsically motivated reinforcement learning},
	author={Mohamed, Shakir and Rezende, Danilo Jimenez},
	journal={arXiv preprint arXiv:1509.08731},
	year={2015}
}

@article{barnard1962likelihood,
	title={Likelihood inference and time series},
	author={Barnard, George A and Jenkins, Gs M and Winsten, CB},
	journal={Journal of the Royal Statistical Society: Series A (General)},
	volume={125},
	number={3},
	pages={321--352},
	year={1962},
	publisher={Wiley Online Library}
}
@article{birnbaum1962foundations,
	title={On the foundations of statistical inference},
	author={Birnbaum, Allan},
	journal={Journal of the American Statistical Association},
	volume={57},
	number={298},
	pages={269--306},
	year={1962},
	publisher={Taylor \& Francis}
}
@incollection{oksendal2003stochastic,
	title={Stochastic differential equations},
	author={{\O}ksendal, Bernt},
	booktitle={Stochastic differential equations},
	pages={65--84},
	year={2003},
	publisher={Springer}
}
@book{robert2007bayesian,
	title={The Bayesian choice: from decision-theoretic foundations to computational implementation},
	author={Robert, Christian},
	year={2007},
	publisher={Springer Science \& Business Media}
}
@article{shannon1948mathematical,
	title={A mathematical theory of communication},
	author={Shannon, Claude Elwood},
	journal={The Bell system technical journal},
	volume={27},
	number={3},
	pages={379--423},
	year={1948},
	publisher={Nokia Bell Labs}
}

@article{alsing2019fast,
	title={Fast likelihood-free cosmology with neural density estimators and active learning},
	author={Alsing, Justin and Charnock, Tom and Feeney, Stephen and Wandelt, Benjamin},
	journal={Monthly Notices of the Royal Astronomical Society},
	volume={488},
	number={3},
	pages={4440--4458},
	year={2019},
	publisher={Oxford University Press}
}

@article{brehmer2018constraining,
	title={Constraining effective field theories with machine learning},
	author={Brehmer, Johann and Cranmer, Kyle and Louppe, Gilles and Pavez, Juan},
	journal={Physical review letters},
	volume={121},
	number={11},
	pages={111801},
	year={2018},
	publisher={APS}
}

@article{gonccalves2020training,
	title={Training deep neural density estimators to identify mechanistic models of neural dynamics},
	author={Gon{\c{c}}alves, Pedro J and Lueckmann, Jan-Matthis and Deistler, Michael and Nonnenmacher, Marcel and {\"O}cal, Kaan and Bassetto, Giacomo and Chintaluri, Chaitanya and Podlaski, William F and Haddad, Sara A and Vogels, Tim P and others},
	journal={Elife},
	volume={9},
	pages={e56261},
	year={2020},
	publisher={eLife Sciences Publications Limited}
}

@article{vanlier2014optimal,
	title={Optimal experiment design for model selection in biochemical networks},
	author={Vanlier, Joep and Tiemann, Christian A and Hilbers, Peter AJ and van Riel, Natal AW},
	journal={BMC systems biology},
	volume={8},
	number={1},
	pages={1--16},
	year={2014},
	publisher={BioMed Central}
}

@book{sisson2018handbook,
	title={Handbook of approximate Bayesian computation},
	author={Sisson, Scott A and Fan, Yanan and Beaumont, Mark},
	year={2018},
	publisher={CRC Press}
}

@book{pole2018applied,
	title={Applied Bayesian forecasting and time series analysis},
	author={Pole, Andy and West, Mike and Harrison, Jeff},
	year={2018},
	publisher={Chapman and Hall/CRC}
}

@book{distefano2014schaum,
	title={Schaum's outline of feedback and control systems},
	author={DiStefano III, Joseph J and Stubberud, Allen R and Williams, Ivan J},
	year={2014},
	publisher={McGraw-Hill Education}
}

@book{berger2013statistical,
	title={Statistical decision theory and Bayesian analysis},
	author={Berger, James O},
	year={2013},
	publisher={Springer Science \& Business Media}
}

@article{smith2018understanding,
	title={Understanding measures of uncertainty for adversarial example detection},
	author={Smith, Lewis and Gal, Yarin},
	journal={arXiv preprint arXiv:1803.08533},
	year={2018}
}

@book{cover1999elements,
	title={Elements of information theory},
	author={Cover, Thomas M},
	year={1999},
	publisher={John Wiley \& Sons}
}

@article{heck2019maximizing,
	title={Maximizing the expected information gain of cognitive modeling via design optimization},
	author={Heck, Daniel W and Erdfelder, Edgar},
	journal={Computational Brain \& Behavior},
	volume={2},
	number={3},
	pages={202--209},
	year={2019},
	publisher={Springer}
}

@article{cavagnaro2010adaptive,
	title={Adaptive design optimization: A mutual information-based approach to model discrimination in cognitive science},
	author={Cavagnaro, Daniel R and Myung, Jay I and Pitt, Mark A and Kujala, Janne V},
	journal={Neural computation},
	volume={22},
	number={4},
	pages={887--905},
	year={2010},
	publisher={MIT Press}
}

@article{mozgunov2020information,
	title={An information theoretic approach for selecting arms in clinical trials},
	author={Mozgunov, Pavel and Jaki, Thomas},
	journal={Journal of the Royal Statistical Society: Series B (Statistical Methodology)},
	volume={82},
	number={5},
	pages={1223--1247},
	year={2020},
	publisher={Wiley Online Library}
}

@inproceedings{busetto2009optimized,
	title={Optimized expected information gain for nonlinear dynamical systems},
	author={Busetto, Alberto Giovanni and Ong, Cheng Soon and Buhmann, Joachim M},
	booktitle={Proceedings of the 26th Annual International Conference on Machine Learning},
	pages={97--104},
	year={2009}
}

@techreport{fung2016autonomous,
	title={Autonomous exploration using an information gain metric},
	author={Fung, Nicholas C and Nieto-Granda, Carlos and Gregory, Jason M and Rogers, John G},
	year={2016},
	institution={US Army Research Laboratory Adelphi United States}
}

@article{elfving1952optimum,
	title={Optimum allocation in linear regression theory},
	author={Elfving, Gustav},
	journal={The Annals of Mathematical Statistics},
	pages={255--262},
	year={1952},
	publisher={JSTOR}
}

@article{kiefer1959optimum,
	title={Optimum designs in regression problems},
	author={Kiefer, Jack and Wolfowitz, Jacob},
	journal={The annals of mathematical statistics},
	pages={271--294},
	year={1959},
	publisher={JSTOR}
}

@book{van2000asymptotic,
	title={Asymptotic statistics},
	author={Van der Vaart, Aad W},
	volume={3},
	year={2000},
	publisher={Cambridge university press}
}

@book{fedorov2012model,
	title={Model-oriented design of experiments},
	author={Fedorov, Valerii V and Hackl, Peter},
	volume={125},
	year={2012},
	publisher={Springer Science \& Business Media}
}

@article{tsutakawa1972design,
	title={Design of experiment for bioassay},
	author={Tsutakawa, Robert K},
	journal={Journal of the American Statistical Association},
	volume={67},
	number={339},
	pages={584--590},
	year={1972},
	publisher={Taylor \& Francis}
}

@article{andrieu2003introduction,
	title={An introduction to MCMC for machine learning},
	author={Andrieu, Christophe and De Freitas, Nando and Doucet, Arnaud and Jordan, Michael I},
	journal={Machine learning},
	volume={50},
	number={1},
	pages={5--43},
	year={2003},
	publisher={Springer}
}

@article{heinrich2020information,
	title={Information gain from isotopic contrast variation in neutron reflectometry on protein--membrane complex structures},
	author={Heinrich, Frank and Kienzle, Paul A and Hoogerheide, David P and L{\"o}sche, Mathias},
	journal={Journal of applied crystallography},
	volume={53},
	number={3},
	pages={800--810},
	year={2020},
	publisher={International Union of Crystallography}
}

@article{hamada2001finding,
	title={Finding near-optimal Bayesian experimental designs via genetic algorithms},
	author={Hamada, M and Martz, HF and Reese, CS and Wilson, AG},
	journal={The American Statistician},
	volume={55},
	number={3},
	pages={175--181},
	year={2001},
	publisher={Taylor \& Francis}
}

@article{long2021multimodal,
	title={Multimodal information gain in Bayesian design of experiments},
	author={Long, Quan},
	journal={Computational Statistics},
	pages={1--21},
	year={2021},
	publisher={Springer}
}

@article{drovandi2013bayesian,
	title={Bayesian experimental design for models with intractable likelihoods},
	author={Drovandi, Christopher C and Pettitt, Anthony N},
	journal={Biometrics},
	volume={69},
	number={4},
	pages={937--948},
	year={2013},
	publisher={Wiley Online Library}
}

@article{hainy2016likelihood,
	title={Likelihood-free simulation-based optimal design with an application to spatial extremes},
	author={Hainy, Markus and M{\"u}ller, Werner G and Wagner, Helga},
	journal={Stochastic Environmental Research and Risk Assessment},
	volume={30},
	number={2},
	pages={481--492},
	year={2016},
	publisher={Springer}
}

@article{ma2018eddi,
	title={{EDDI}: Efficient dynamic discovery of high-value information with {Partial VAE}},
	author={Ma, Chao and Tschiatschek, Sebastian and Palla, Konstantina and Hern{\'a}ndez-Lobato, Jos{\'e} Miguel and Nowozin, Sebastian and Zhang, Cheng},
	journal={arXiv preprint arXiv:1809.11142},
	year={2018}
}

@article{gong2019icebreaker,
	title={Icebreaker: Element-wise active information acquisition with bayesian deep latent gaussian model},
	author={Gong, Wenbo and Tschiatschek, Sebastian and Turner, Richard and Nowozin, Sebastian and Hern{\'a}ndez-Lobato, Jos{\'e} Miguel and Zhang, Cheng},
	journal={arXiv preprint arXiv:1908.04537},
	year={2019}
}

@article{carlin1998approaches,
	title={Approaches for optimal sequential decision analysis in clinical trials},
	author={Carlin, Bradley P and Kadane, Joseph B and Gelfand, Alan E},
	journal={Biometrics},
	pages={964--975},
	year={1998},
	publisher={JSTOR}
}

@inproceedings{neufeld2014adaptive,
	title={Adaptive Monte Carlo via bandit allocation},
	author={Neufeld, James and Gyorgy, Andras and Szepesv{\'a}ri, Csaba and Schuurmans, Dale},
	booktitle={International Conference on Machine Learning},
	pages={1944--1952},
	year={2014},
	organization={PMLR}
}

@article{muller1995optimal,
	title={Optimal design via curve fitting of Monte Carlo experiments},
	author={M{\"u}ller, Peter and Parmigiani, Giovanni},
	journal={Journal of the American Statistical Association},
	volume={90},
	number={432},
	pages={1322--1330},
	year={1995},
	publisher={Taylor \& Francis}
}

@techreport{clyde1996exploring,
	title={Exploring expected utility surfaces by markov chains},
	author={Clyde, Merlise A and M{\"u}ller, Peter and Parmigiani, Giovanni},
	year={1996},
	institution={Institute of Statistics and Decision Sciences, Duke University, Durham, NC, USA},
	publisher={Citeseer}
}

@article{bielza1999decision,
	title={Decision analysis by augmented probability simulation},
	author={Bielza, Concha and M{\"u}ller, Peter and Insua, David R{\'\i}os},
	journal={Management Science},
	volume={45},
	number={7},
	pages={995--1007},
	year={1999},
	publisher={INFORMS}
}

@incollection{van1987simulated,
	title={Simulated annealing},
	author={Van Laarhoven, Peter JM and Aarts, Emile HL},
	booktitle={Simulated annealing: Theory and applications},
	pages={7--15},
	year={1987},
	publisher={Springer}
}

@article{stroud2001optimal,
	title={Optimal sampling times in population pharmacokinetic studies},
	author={Stroud, Jonathan R and M{\"u}ller, Peter and Rosner, Gary L},
	journal={Journal of the Royal Statistical Society: Series C (Applied Statistics)},
	volume={50},
	number={3},
	pages={345--359},
	year={2001},
	publisher={Wiley Online Library}
}

@inproceedings{kuck2006smc,
	title={SMC samplers for Bayesian optimal nonlinear design},
	author={Kuck, Hendrik and de Freitas, Nando and Doucet, Arnaud},
	booktitle={2006 IEEE Nonlinear Statistical Signal Processing Workshop},
	pages={99--102},
	year={2006},
	organization={IEEE}
}

@article{muller2004optimal,
	title={Optimal Bayesian design by inhomogeneous Markov chain simulation},
	author={M{\"u}ller, Peter and Sans{\'o}, Bruno and De Iorio, Maria},
	journal={Journal of the American Statistical Association},
	volume={99},
	number={467},
	pages={788--798},
	year={2004},
	publisher={Taylor \& Francis}
}

@article{van2003optimal,
	title={Optimal nonlinear Bayesian experimental design: an application to amplitude versus offset experiments},
	author={van den Berg, Jojanneke and Curtis, Andrew and Trampert, Jeannot},
	journal={Geophysical Journal International},
	volume={155},
	number={2},
	pages={411--421},
	year={2003},
	publisher={Blackwell Publishing Ltd Oxford, UK}
}

@article{terejanu2012bayesian,
	title={Bayesian experimental design for the active nitridation of graphite by atomic nitrogen},
	author={Terejanu, Gabriel and Upadhyay, Rochan R and Miki, Kenji},
	journal={Experimental Thermal and Fluid Science},
	volume={36},
	pages={178--193},
	year={2012},
	publisher={Elsevier}
}

@article{nelder1965simplex,
	title={A simplex method for function minimization},
	author={Nelder, John A and Mead, Roger},
	journal={The computer journal},
	volume={7},
	number={4},
	pages={308--313},
	year={1965},
	publisher={Oxford University Press}
}

@article{carlon2020nesterov,
	title={Nesterov-aided stochastic gradient methods using Laplace approximation for Bayesian design optimization},
	author={Carlon, Andr{\'e} Gustavo and Dia, Ben Mansour and Espath, Luis and Lopez, Rafael Holdorf and Tempone, Raul},
	journal={Computer Methods in Applied Mechanics and Engineering},
	volume={363},
	pages={112909},
	year={2020},
	publisher={Elsevier}
}

@article{von2019optimal,
	title={Optimal experimental design via Bayesian optimization: active causal structure learning for Gaussian process networks},
	author={von K{\"u}gelgen, Julius and Rubenstein, Paul K and Sch{\"o}lkopf, Bernhard and Weller, Adrian},
	journal={arXiv preprint arXiv:1910.03962},
	year={2019}
}

@article{auer2002using,
	title={Using confidence bounds for exploitation-exploration trade-offs},
	author={Auer, Peter},
	journal={Journal of Machine Learning Research},
	volume={3},
	number={Nov},
	pages={397--422},
	year={2002}
}

@book{eiben2003introduction,
	title={Introduction to evolutionary computing},
	author={Eiben, Agoston E and Smith, James E and others},
	volume={53},
	year={2003},
	publisher={Springer}
}

@article{price2016efficient,
	title={On the efficient determination of optimal Bayesian experimental designs using ABC: A case study in optimal observation of epidemics},
	author={Price, David J and Bean, Nigel G and Ross, Joshua V and Tuke, Jonathan},
	journal={Journal of Statistical Planning and Inference},
	volume={172},
	pages={1--15},
	year={2016},
	publisher={Elsevier}
}

@article{overstall2017bayesian,
	title={Bayesian design of experiments using approximate coordinate exchange},
	author={Overstall, Antony M and Woods, David C},
	journal={Technometrics},
	volume={59},
	number={4},
	pages={458--470},
	year={2017},
	publisher={Taylor \& Francis}
}

@book{atkinson2007optimum,
	title={Optimum experimental designs, with SAS},
	author={Atkinson, Anthony and Donev, Alexander and Tobias, Randall},
	volume={34},
	year={2007},
	publisher={Oxford University Press}
}

@book{fletcher2013practical,
	title={Practical methods of optimization},
	author={Fletcher, Roger},
	year={2013},
	publisher={John Wiley \& Sons}
}

@book{williams2006gaussian,
	title={Gaussian processes for machine learning},
	author={Williams, Christopher K and Rasmussen, Carl Edward},
	volume={2},
	year={2006},
	publisher={MIT press Cambridge, MA}
}

@article{spall1998overview,
	title={An overview of the simultaneous perturbation method for efficient optimization},
	author={Spall, James C},
	journal={Johns Hopkins apl technical digest},
	volume={19},
	number={4},
	pages={482--492},
	year={1998}
}

@phdthesis{settles2009active,
	title={Active learning literature survey},
	author={Settles, Burr},
	year={2009},
	school={University of Wisconsin-Madison Department of Computer Sciences}
}

@inproceedings{lewis1994sequential,
	title={A sequential algorithm for training text classifiers},
	author={Lewis, David D and Gale, William A},
	booktitle={SIGIR‚Äô94},
	pages={3--12},
	year={1994},
	organization={Springer}
}

@inproceedings{gal2016dropout,
	title={Dropout as a bayesian approximation: Representing model uncertainty in deep learning},
	author={Gal, Yarin and Ghahramani, Zoubin},
	booktitle={international conference on machine learning},
	pages={1050--1059},
	year={2016},
	organization={PMLR}
}

@inproceedings{beluch2018power,
	title={The power of ensembles for active learning in image classification},
	author={Beluch, William H and Genewein, Tim and N{\"u}rnberger, Andreas and K{\"o}hler, Jan M},
	booktitle={Proceedings of the IEEE Conference on Computer Vision and Pattern Recognition},
	pages={9368--9377},
	year={2018}
}

@inproceedings{kapoor2007active,
	title={Active learning with gaussian processes for object categorization},
	author={Kapoor, Ashish and Grauman, Kristen and Urtasun, Raquel and Darrell, Trevor},
	booktitle={2007 IEEE 11th International Conference on Computer Vision},
	pages={1--8},
	year={2007},
	organization={IEEE}
}

@article{yang2012bayesian,
	title={Bayesian active distance metric learning},
	author={Yang, Liu and Jin, Rong and Sukthankar, Rahul},
	journal={arXiv preprint arXiv:1206.5283},
	year={2012}
}

@misc{roy2001toward,
	title={Toward optimal active learning through sampling estimation of error reduction. Int. Conf. on Machine Learning},
	author={Roy, N and McCallum, A},
	year={2001},
	publisher={Morgan Kaufmann}
}

@article{kirsch2019batchbald,
	title={Batchbald: Efficient and diverse batch acquisition for deep bayesian active learning},
	author={Kirsch, Andreas and Van Amersfoort, Joost and Gal, Yarin},
	journal={Advances in neural information processing systems},
	volume={32},
	pages={7026--7037},
	year={2019}
}

@article{pop2018deep,
	title={Deep ensemble bayesian active learning: Addressing the mode collapse issue in monte carlo dropout via ensembles},
	author={Pop, Remus and Fulop, Patric},
	journal={arXiv preprint arXiv:1811.03897},
	year={2018}
}

@article{meyer1995coordinate,
	title={The coordinate-exchange algorithm for constructing exact optimal experimental designs},
	author={Meyer, Ruth K and Nachtsheim, Christopher J},
	journal={Technometrics},
	volume={37},
	number={1},
	pages={60--69},
	year={1995},
	publisher={Taylor \& Francis}
}

@article{bergstra2011algorithms,
	title={Algorithms for hyper-parameter optimization},
	author={Bergstra, James and Bardenet, R{\'e}mi and Bengio, Yoshua and K{\'e}gl, Bal{\'a}zs},
	journal={Advances in neural information processing systems},
	volume={24},
	year={2011}
}

@inproceedings{hutter2013evaluation,
	title={An evaluation of sequential model-based optimization for expensive blackbox functions},
	author={Hutter, Frank and Hoos, Holger and Leyton-Brown, Kevin},
	booktitle={Proceedings of the 15th annual conference companion on Genetic and evolutionary computation},
	pages={1209--1216},
	year={2013}
}

@article{rainforth2016bayesian,
	title={Bayesian optimization for probabilistic programs},
	author={Rainforth, Tom and Le, Tuan Anh and van de Meent, Jan-Willem and Osborne, Michael A and Wood, Frank},
	journal={Advances in Neural Information Processing Systems},
	volume={29},
	pages={280--288},
	year={2016}
}

@inproceedings{snoek2015scalable,
	title={Scalable bayesian optimization using deep neural networks},
	author={Snoek, Jasper and Rippel, Oren and Swersky, Kevin and Kiros, Ryan and Satish, Nadathur and Sundaram, Narayanan and Patwary, Mostofa and Prabhat, Mr and Adams, Ryan},
	booktitle={International conference on machine learning},
	pages={2171--2180},
	year={2015},
	organization={PMLR}
}

@article{lai1985asymptotically,
	title={Asymptotically efficient adaptive allocation rules},
	author={Lai, Tze Leung and Robbins, Herbert},
	journal={Advances in applied mathematics},
	volume={6},
	number={1},
	pages={4--22},
	year={1985},
	publisher={Academic Press}
}

@inproceedings{hoffman2014correlation,
	title={On correlation and budget constraints in model-based bandit optimization with application to automatic machine learning},
	author={Hoffman, Matthew and Shahriari, Bobak and Freitas, Nando},
	booktitle={Artificial Intelligence and Statistics},
	pages={365--374},
	year={2014},
	organization={PMLR}
}

@inproceedings{calandra2016manifold,
	title={Manifold Gaussian processes for regression},
	author={Calandra, Roberto and Peters, Jan and Rasmussen, Carl Edward and Deisenroth, Marc Peter},
	booktitle={2016 International Joint Conference on Neural Networks (IJCNN)},
	pages={3338--3345},
	year={2016},
	organization={IEEE}
}

@article{lazaro2010sparse,
	title={Sparse spectrum Gaussian process regression},
	author={L{\'a}zaro-Gredilla, Miguel and Quinonero-Candela, Joaquin and Rasmussen, Carl Edward and Figueiras-Vidal, An{\'\i}bal R},
	journal={The Journal of Machine Learning Research},
	volume={11},
	pages={1865--1881},
	year={2010},
	publisher={JMLR. org}
}

@inproceedings{bubeck2009pure,
	title={Pure exploration in multi-armed bandits problems},
	author={Bubeck, S{\'e}bastien and Munos, R{\'e}mi and Stoltz, Gilles},
	booktitle={International conference on Algorithmic learning theory},
	pages={23--37},
	year={2009},
	organization={Springer}
}

@article{russo2014learning,
	title={Learning to optimize via posterior sampling},
	author={Russo, Daniel and Van Roy, Benjamin},
	journal={Mathematics of Operations Research},
	volume={39},
	number={4},
	pages={1221--1243},
	year={2014},
	publisher={INFORMS}
}
@article{balandat2020botorch,
	title={BoTorch: A framework for efficient Monte-Carlo Bayesian optimization},
	author={Balandat, Maximilian and Karrer, Brian and Jiang, Daniel and Daulton, Samuel and Letham, Benjamin and Wilson, Andrew Gordon and Bakshy, Eytan},
	journal={Advances in Neural Information Processing Systems (NeurIPS)},
	year={2020}
}

@article{neiswanger2019probo,
	title={ProBO: Versatile Bayesian Optimization Using Any Probabilistic Programming Language},
	author={Neiswanger, Willie and Kandasamy, Kirthevasan and Poczos, Barnabas and Schneider, Jeff and Xing, Eric},
	journal={arXiv preprint arXiv:1901.11515},
	year={2019}
}

@article{snelson2006sparse,
	title={Sparse Gaussian processes using pseudo-inputs},
	author={Snelson, Edward and Ghahramani, Zoubin},
	journal={Advances in neural information processing systems},
	volume={18},
	pages={1257},
	year={2006},
	publisher={Citeseer}
}

@article{quinonero2005unifying,
	title={A unifying view of sparse approximate Gaussian process regression},
	author={Quinonero-Candela, Joaquin and Rasmussen, Carl Edward},
	journal={The Journal of Machine Learning Research},
	volume={6},
	pages={1939--1959},
	year={2005},
	publisher={JMLR. org}
}

@article{kushner1964new,
	title={A new method of locating the maximum point of an arbitrary multipeak curve in the presence of noise},
	author={Kushner, Harold J},
	journal={J of Basic Engineering},
	year={1964}
}

@article{mockus1978application,
	title={The application of Bayesian methods for seeking the extremum},
	author={Mockus, Jonas and Tiesis, Vytautas and Zilinskas, Antanas},
	journal={Towards global optimization},
	volume={2},
	number={117-129},
	pages={2},
	year={1978}
}

@article{thompson1933likelihood,
	title={On the likelihood that one unknown probability exceeds another in view of the evidence of two samples},
	author={Thompson, William R},
	journal={Biometrika},
	volume={25},
	number={3/4},
	pages={285--294},
	year={1933},
	publisher={JSTOR}
}

@article{jones1998efficient,
	title={Efficient global optimization of expensive black-box functions},
	author={Jones, Donald R and Schonlau, Matthias and Welch, William J},
	journal={Journal of Global optimization},
	volume={13},
	number={4},
	pages={455--492},
	year={1998},
	publisher={Springer}
}

@inproceedings{osborne2009gaussian,
	title={Gaussian processes for global optimization},
	author={Osborne, Michael A and Garnett, Roman and Roberts, Stephen J},
	booktitle={3rd international conference on learning and intelligent optimization (LION3)},
	pages={1--15},
	year={2009},
	organization={Citeseer}
}

@article{villemonteix2009informational,
	title={An informational approach to the global optimization of expensive-to-evaluate functions},
	author={Villemonteix, Julien and Vazquez, Emmanuel and Walter, Eric},
	journal={Journal of Global Optimization},
	volume={44},
	number={4},
	pages={509--534},
	year={2009},
	publisher={Springer}
}

@article{mackay1992information,
	title={Information-based objective functions for active data selection},
	author={MacKay, David JC},
	journal={Neural computation},
	volume={4},
	number={4},
	pages={590--604},
	year={1992},
	publisher={MIT Press One Rogers Street, Cambridge, MA 02142-1209, USA journals-info~‚Ä¶}
}

@phdthesis{minka2001family,
	title={A family of algorithms for approximate Bayesian inference},
	author={Minka, Thomas Peter},
	year={2001},
	school={Massachusetts Institute of Technology}
}

@article{shah2015parallel,
	title={Parallel predictive entropy search for batch global optimization of expensive objective functions},
	author={Shah, Amar and Ghahramani, Zoubin},
	journal={arXiv preprint arXiv:1511.07130},
	year={2015}
}

@inproceedings{wang2017max,
	title={Max-value entropy search for efficient Bayesian optimization},
	author={Wang, Zi and Jegelka, Stefanie},
	booktitle={International Conference on Machine Learning},
	pages={3627--3635},
	year={2017},
	organization={PMLR}
}

@inproceedings{loredo2004bayesian,
	title={Bayesian adaptive exploration},
	author={Loredo, Thomas J},
	booktitle={AIP Conference Proceedings},
	volume={707},
	pages={330--346},
	year={2004},
	organization={American Institute of Physics}
}

@article{cohn1996active,
	title={Active learning with statistical models},
	author={Cohn, David A and Ghahramani, Zoubin and Jordan, Michael I},
	journal={Journal of artificial intelligence research},
	volume={4},
	pages={129--145},
	year={1996}
}

@incollection{lewis1994heterogeneous,
	title={Heterogeneous uncertainty sampling for supervised learning},
	author={Lewis, David D and Catlett, Jason},
	booktitle={Machine learning proceedings 1994},
	pages={148--156},
	year={1994},
	publisher={Elsevier}
}

@article{krause2014submodular,
	title={Submodular function maximization.},
	author={Krause, Andreas and Golovin, Daniel},
	journal={Tractability},
	volume={3},
	pages={71--104},
	year={2014}
}

@article{nemhauser1978analysis,
	title={An analysis of approximations for maximizing submodular set functions‚ÄîI},
	author={Nemhauser, George L and Wolsey, Laurence A and Fisher, Marshall L},
	journal={Mathematical programming},
	volume={14},
	number={1},
	pages={265--294},
	year={1978},
	publisher={Springer}
}

@article{krause2012near,
	title={Near-optimal nonmyopic value of information in graphical models},
	author={Krause, Andreas and Guestrin, Carlos E},
	journal={arXiv preprint arXiv:1207.1394},
	year={2012}
}

@book{cox2006principles,
	title={Principles of statistical inference},
	author={Cox, David Roxbee},
	year={2006},
	publisher={Cambridge university press}
}

@article{golovin2011adaptive,
	title={Adaptive submodularity: Theory and applications in active learning and stochastic optimization},
	author={Golovin, Daniel and Krause, Andreas},
	journal={Journal of Artificial Intelligence Research},
	volume={42},
	pages={427--486},
	year={2011}
}

@article{whitehead1995bayesian,
	title={Bayesian decision procedures for dose determining experiments},
	author={Whitehead, John and Brunier, Hazel},
	journal={Statistics in medicine},
	volume={14},
	number={9},
	pages={885--893},
	year={1995},
	publisher={Wiley Online Library}
}

@article{whitehead1998bayesian,
	title={Bayesian decision procedures based on logistic regression models for dose-finding studies},
	author={Whitehead, John and Williamson, David},
	journal={Journal of Biopharmaceutical Statistics},
	volume={8},
	number={3},
	pages={445--467},
	year={1998},
	publisher={Taylor \& Francis}
}

@article{berry1988one,
	title={One-sided sequential stopping boundaries for clinical trials: A decision-theoretic approach},
	author={Berry, Donald A and Ho, Chih-Hsiang},
	journal={Biometrics},
	pages={219--227},
	year={1988},
	publisher={JSTOR}
}

@article{lewis1994group,
	title={Group sequential clinical trials: a classical evaluation of Bayesian decision-theoretic designs},
	author={Lewis, Roger J and Berry, Donald A},
	journal={Journal of the American Statistical Association},
	volume={89},
	number={428},
	pages={1528--1534},
	year={1994},
	publisher={Taylor \& Francis}
}

@article{brockwell2003gridding,
	title={A gridding method for Bayesian sequential decision problems},
	author={Brockwell, Anthony E and Kadane, Joseph B},
	journal={Journal of Computational and Graphical Statistics},
	volume={12},
	number={3},
	pages={566--584},
	year={2003},
	publisher={Taylor \& Francis}
}

@article{muller2006bayesian,
	title={A Bayesian decision-theoretic dose-finding trial},
	author={M{\"u}ller, Peter and Berry, Don A and Grieve, Andrew P and Krams, Michael},
	journal={Decision analysis},
	volume={3},
	number={4},
	pages={197--207},
	year={2006},
	publisher={INFORMS}
}

@article{silver2016mastering,
	title={Mastering the game of Go with deep neural networks and tree search},
	author={Silver, David and Huang, Aja and Maddison, Chris J and Guez, Arthur and Sifre, Laurent and Van Den Driessche, George and Schrittwieser, Julian and Antonoglou, Ioannis and Panneershelvam, Veda and Lanctot, Marc and others},
	journal={nature},
	volume={529},
	number={7587},
	pages={484--489},
	year={2016},
	publisher={Nature Publishing Group}
}

@article{bakker2020experimental,
	title={Experimental design for MRI by greedy policy search},
	author={Bakker, Tim and van Hoof, Herke and Welling, Max},
	journal={Advances in Neural Information Processing Systems},
	volume={33},
	year={2020}
}

@inproceedings{chen2015sequential,
	title={Sequential information maximization: When is greedy near-optimal?},
	author={Chen, Yuxin and Hassani, S Hamed and Karbasi, Amin and Krause, Andreas},
	booktitle={Conference on Learning Theory},
	pages={338--363},
	year={2015},
	organization={PMLR}
}

@inproceedings{chen2017near,
	title={Near-optimal bayesian active learning with correlated and noisy tests},
	author={Chen, Yuxin and Hassani, Hamed and Krause, Andreas},
	booktitle={Artificial Intelligence and Statistics},
	pages={223--231},
	year={2017},
	organization={PMLR}
}

@article{bellman1966dynamic,
	title={Dynamic programming},
	author={Bellman, Richard},
	journal={Science},
	volume={153},
	number={3731},
	pages={34--37},
	year={1966},
	publisher={American Association for the Advancement of Science}
}

@article{szepesvari2010algorithms,
	title={Algorithms for reinforcement learning},
	author={Szepesv{\'a}ri, Csaba},
	journal={Synthesis lectures on artificial intelligence and machine learning},
	volume={4},
	number={1},
	pages={1--103},
	year={2010},
	publisher={Morgan \& Claypool Publishers}
}

@book{duff2002optimal,
	title={Optimal Learning: Computational procedures for Bayes-adaptive Markov decision processes},
	author={Duff, Michael O'Gordon},
	year={2002},
	publisher={University of Massachusetts Amherst}
}

@article{ghavamzadeh2016bayesian,
	title={Bayesian reinforcement learning: A survey},
	author={Ghavamzadeh, Mohammad and Mannor, Shie and Pineau, Joelle and Tamar, Aviv},
	journal={arXiv preprint arXiv:1609.04436},
	year={2016}
}

@inproceedings{ross2007bayes,
	title={Bayes-Adaptive POMDPs.},
	author={Ross, Stephane and Chaib-draa, Brahim and Pineau, Joelle},
	booktitle={NIPS},
	pages={1225--1232},
	year={2007}
}

@article{bellman1957markovian,
	title={A Markovian decision process},
	author={Bellman, Richard},
	journal={Journal of mathematics and mechanics},
	volume={6},
	number={5},
	pages={679--684},
	year={1957},
	publisher={JSTOR}
}

@inproceedings{igl2018deep,
	title={Deep variational reinforcement learning for POMDPs},
	author={Igl, Maximilian and Zintgraf, Luisa and Le, Tuan Anh and Wood, Frank and Whiteson, Shimon},
	booktitle={International Conference on Machine Learning},
	pages={2117--2126},
	year={2018},
	organization={PMLR}
}

@techreport{singh2005intrinsically,
	title={Intrinsically motivated reinforcement learning},
	author={Singh, Satinder and Barto, Andrew G and Chentanez, Nuttapong},
	year={2005},
	institution={MASSACHUSETTS UNIV AMHERST DEPT OF COMPUTER SCIENCE}
}

@inproceedings{itti2006bayesian,
	title={Bayesian surprise attracts human attention},
	author={Itti, Laurent and Baldi, Pierre F},
	booktitle={Advances in neural information processing systems},
	pages={547--554},
	year={2006},
	organization={Citeseer}
}
@incollection{salge2014empowerment,
	title={Empowerment--an introduction},
	author={Salge, Christoph and Glackin, Cornelius and Polani, Daniel},
	booktitle={Guided Self-Organization: Inception},
	pages={67--114},
	year={2014},
	publisher={Springer}
}

@inproceedings{klyubin2005all,
	title={All else being equal be empowered},
	author={Klyubin, Alexander S and Polani, Daniel and Nehaniv, Chrystopher L},
	booktitle={European Conference on Artificial Life},
	pages={744--753},
	year={2005},
	organization={Springer}
}

@inproceedings{sun2011planning,
	title={Planning to be surprised: Optimal bayesian exploration in dynamic environments},
	author={Sun, Yi and Gomez, Faustino and Schmidhuber, J{\"u}rgen},
	booktitle={International Conference on Artificial General Intelligence},
	pages={41--51},
	year={2011},
	organization={Springer}
}

@article{houthooft2016vime,
	title={Vime: Variational information maximizing exploration},
	author={Houthooft, Rein and Chen, Xi and Duan, Yan and Schulman, John and De Turck, Filip and Abbeel, Pieter},
	journal={arXiv preprint arXiv:1605.09674},
	year={2016}
}

@incollection{sutton1990integrated,
	title={Integrated architectures for learning, planning, and reacting based on approximating dynamic programming},
	author={Sutton, Richard S},
	booktitle={Machine learning proceedings 1990},
	pages={216--224},
	year={1990},
	publisher={Elsevier}
}

@article{zintgraf2019varibad,
	title={Varibad: A very good method for bayes-adaptive deep rl via meta-learning},
	author={Zintgraf, Luisa and Shiarlis, Kyriacos and Igl, Maximilian and Schulze, Sebastian and Gal, Yarin and Hofmann, Katja and Whiteson, Shimon},
	journal={arXiv preprint arXiv:1910.08348},
	year={2019}
}

@article{overstall2020bayesian,
	title={Bayesian design of experiments for intractable likelihood models using coupled auxiliary models and multivariate emulation},
	author={Overstall, Antony and McGree, James},
	journal={Bayesian Analysis},
	volume={15},
	number={1},
	pages={103--131},
	year={2020},
	publisher={International Society for Bayesian Analysis}
}


@article{atkinson1975design,
	title={The design of experiments for discriminating between two rival models},
	author={Atkinson, AC and Fedorov, VV},
	journal={Biometrika},
	volume={62},
	number={1},
	pages={57--70},
	year={1975},
	publisher={Oxford University Press}
}

@article{dehideniya2018optimal,
	title={Optimal Bayesian design for discriminating between models with intractable likelihoods in epidemiology},
	author={Dehideniya, Mahasen B and Drovandi, Christopher C and McGree, James M},
	journal={Computational Statistics \& Data Analysis},
	volume={124},
	pages={277--297},
	year={2018},
	publisher={Elsevier}
}

@article{schmidhuber2010formal,
	title={Formal theory of creativity, fun, and intrinsic motivation (1990--2010)},
	author={Schmidhuber, J{\"u}rgen},
	journal={IEEE Transactions on Autonomous Mental Development},
	volume={2},
	number={3},
	pages={230--247},
	year={2010},
	publisher={Ieee}
}

@inproceedings{storck1995reinforcement,
	title={Reinforcement driven information acquisition in non-deterministic environments},
	author={Storck, Jan and Hochreiter, Sepp and Schmidhuber, J{\"u}rgen and others},
	booktitle={Proceedings of the international conference on artificial neural networks, Paris},
	volume={2},
	pages={159--164},
	year={1995},
	organization={Citeseer}
}

@inproceedings{sekar2020planning,
	title={Planning to explore via self-supervised world models},
	author={Sekar, Ramanan and Rybkin, Oleh and Daniilidis, Kostas and Abbeel, Pieter and Hafner, Danijar and Pathak, Deepak},
	booktitle={International Conference on Machine Learning},
	pages={8583--8592},
	year={2020},
	organization={PMLR}
}

@article{sajid2021active,
	title={Active inference: demystified and compared},
	author={Sajid, Noor and Ball, Philip J and Parr, Thomas and Friston, Karl J},
	journal={Neural Computation},
	volume={33},
	number={3},
	pages={674--712},
	year={2021},
	publisher={MIT Press One Rogers Street, Cambridge, MA 02142-1209, USA journals-info~‚Ä¶}
}

@book{hastie2009elements,
	title={The elements of statistical learning (2nd edition)},
	author={Hastie, Trevor and Tibshirani, Robert and Friedman, Jerome},
	year={2009},
	publisher={Springer-Verlag}
}

@book{hastings1970monte,
	title={Monte Carlo sampling methods using Markov chains and their applications},
	author={Hastings, W Keith},
	year={1970},
	publisher={Oxford University Press}
}

@inproceedings{scheffer2001active,
	title={Active hidden markov models for information extraction},
	author={Scheffer, Tobias and Decomain, Christian and Wrobel, Stefan},
	booktitle={International Symposium on Intelligent Data Analysis},
	pages={309--318},
	year={2001},
	organization={Springer}
}

@book{freeman1965elementary,
	title={Elementary applied statistics: for students in behavioral science},
	author={Freeman, Linton C},
	year={1965},
	publisher={New York: Wiley}
}

@inproceedings{settles2008analysis,
	title={An analysis of active learning strategies for sequence labeling tasks},
	author={Settles, Burr and Craven, Mark},
	booktitle={Proceedings of the 2008 Conference on Empirical Methods in Natural Language Processing},
	pages={1070--1079},
	year={2008}
}

@article{kendall2015bayesian,
	title={Bayesian segnet: Model uncertainty in deep convolutional encoder-decoder architectures for scene understanding},
	author={Kendall, Alex and Badrinarayanan, Vijay and Cipolla, Roberto},
	journal={arXiv preprint arXiv:1511.02680},
	year={2015}
}

@article{bernardo1979expected,
	title={Expected information as expected utility},
	author={Bernardo, Jos{\'e} M},
	journal={the Annals of Statistics},
	pages={686--690},
	year={1979},
	publisher={JSTOR}
}

@article{beck2018fast,
	title={Fast Bayesian experimental design: Laplace-based importance sampling for the expected information gain},
	author={Beck, Joakim and Dia, Ben Mansour and Espath, Luis FR and Long, Quan and Tempone, Raul},
	journal={Computer Methods in Applied Mechanics and Engineering},
	volume={334},
	pages={523--553},
	year={2018},
	publisher={Elsevier}
}

@article{hainy2018optimal,
	title={Optimal Bayesian design for model discrimination via classification},
	author={Hainy, Markus and Price, David J and Restif, Olivier and Drovandi, Christopher},
	journal={arXiv preprint arXiv:1809.05301},
	year={2018}
}

@article{carlini2019evaluating,
	title={On evaluating adversarial robustness},
	author={Carlini, Nicholas and Athalye, Anish and Papernot, Nicolas and Brendel, Wieland and Rauber, Jonas and Tsipras, Dimitris and Goodfellow, Ian and Madry, Aleksander and Kurakin, Alexey},
	journal={arXiv preprint arXiv:1902.06705},
	year={2019}
}

@article{breiman2001random,
	title={Random forests},
	author={Breiman, Leo},
	journal={Machine learning},
	volume={45},
	number={1},
	pages={5--32},
	year={2001},
	publisher={Springer}
}

@inproceedings{konda2000actor,
	title={Actor-critic algorithms},
	author={Konda, Vijay R and Tsitsiklis, John N},
	booktitle={Advances in neural information processing systems},
	pages={1008--1014},
	year={2000}
}

@article{watkins1992q,
	title={Q-learning},
	author={Watkins, Christopher JCH and Dayan, Peter},
	journal={Machine learning},
	volume={8},
	number={3-4},
	pages={279--292},
	year={1992},
	publisher={Springer}
}

@inproceedings{dearden1998bayesian,
	title={Bayesian Q-learning},
	author={Dearden, Richard and Friedman, Nir and Russell, Stuart},
	booktitle={Aaai/iaai},
	pages={761--768},
	year={1998}
}

@article{howell2021direct,
	title={Direct policy optimization using deterministic sampling and collocation},
	author={Howell, Taylor A and Fu, Chunjiang and Manchester, Zachary},
	journal={IEEE Robotics and Automation Letters},
	volume={6},
	number={3},
	pages={5324--5331},
	year={2021},
	publisher={IEEE}
}

@article{lorberbom2019direct,
	title={Direct policy gradients: Direct optimization of policies in discrete action spaces},
	author={Lorberbom, Guy and Maddison, Chris J and Heess, Nicolas and Hazan, Tamir and Tarlow, Daniel},
	journal={arXiv preprint arXiv:1906.06062},
	year={2019}
}

@article{angelova2012moments,
	title={On moments of sample mean and variance},
	author={Angelova, Jordanka A},
	journal={Int. J. Pure Appl. Math},
	volume={79},
	number={1},
	pages={67--85},
	year={2012}
}
@inproceedings{nowozin2018debiasing,
	title={Debiasing evidence approximations: On importance-weighted autoencoders and jackknife variational inference},
	author={Nowozin, Sebastian},
	booktitle={International Conference on Learning Representations},
	year={2018}
}

@article{tucker2017rebar,
	title={Rebar: Low-variance, unbiased gradient estimates for discrete latent variable models},
	author={Tucker, George and Mnih, Andriy and Maddison, Chris J and Lawson, Dieterich and Sohl-Dickstein, Jascha},
	journal={arXiv preprint arXiv:1703.07370},
	year={2017}
}

@article{mohamed2020monte,
	title={Monte Carlo gradient estimation in machine learning},
	author={Mohamed, Shakir and Rosca, Mihaela and Figurnov, Michael and Mnih, Andriy},
	journal={Journal of Machine Learning Research},
	volume={21},
	number={132},
	pages={1--62},
	year={2020}
}

@article{linsker1988self,
	title={Self-organization in a perceptual network},
	author={Linsker, Ralph},
	journal={Computer},
	volume={21},
	number={3},
	pages={105--117},
	year={1988},
	publisher={IEEE}
}

@article{nguyen2010estimating,
	title={Estimating divergence functionals and the likelihood ratio by convex risk minimization},
	author={Nguyen, XuanLong and Wainwright, Martin J and Jordan, Michael I},
	journal={IEEE Transactions on Information Theory},
	volume={56},
	number={11},
	pages={5847--5861},
	year={2010},
	publisher={IEEE}
}

@article{nowozin2016f,
	title={f-gan: Training generative neural samplers using variational divergence minimization},
	author={Nowozin, Sebastian and Cseke, Botond and Tomioka, Ryota},
	journal={arXiv preprint arXiv:1606.00709},
	year={2016}
}

@article{marcinkiewicz1937quelques,
	title={Quelques th{\'e}oremes sur les fonctions ind{\'e}pendantes},
	author={Marcinkiewicz, J{\'o}zef and Zygmund, Antoni},
	journal={Fund. Math},
	volume={29},
	pages={60--90},
	year={1937}
}

@article{goda2020multilevel,
	title={{Multilevel Monte Carlo estimation of expected information gains}},
	author={Goda, Takashi and Hironaka, Tomohiko and Iwamoto, Takeru},
	journal={Stochastic Analysis and Applications},
	volume={38},
	number={4},
	pages={581--600},
	year={2020},
	publisher={Taylor \& Francis}
}

@article{beck2020multilevel,
	title={Multilevel double loop Monte Carlo and stochastic collocation methods with importance sampling for Bayesian optimal experimental design},
	author={Beck, Joakim and Mansour Dia, Ben and Espath, Luis and Tempone, Ra{\'u}l},
	journal={International Journal for Numerical Methods in Engineering},
	volume={121},
	number={15},
	pages={3482--3503},
	year={2020},
	publisher={Wiley Online Library}
}

@article{ryan2003estimating,
	title={Estimating expected information gains for experimental designs with application to the random fatigue-limit model},
	author={Ryan, Kenneth J},
	journal={Journal of Computational and Graphical Statistics},
	volume={12},
	number={3},
	pages={585--603},
	year={2003},
	publisher={Taylor \& Francis}
}

@misc{hyvarinen1999survey,
	title={Survey on independent component analysis},
	author={Hyv{\"a}rinen, Aapo},
	year={1999},
	publisher={Citeseer}
}

@article{tishby2000information,
	title={The information bottleneck method},
	author={Tishby, Naftali and Pereira, Fernando C and Bialek, William},
	journal={arXiv preprint physics/0004057},
	year={2000}
}

@article{kwak2002input,
	title={Input feature selection by mutual information based on Parzen window},
	author={Kwak, Nojun and Choi, Chong-Ho},
	journal={IEEE transactions on pattern analysis and machine intelligence},
	volume={24},
	number={12},
	pages={1667--1671},
	year={2002},
	publisher={IEEE}
}

@article{giles2008multilevel,
	title={Multilevel monte carlo path simulation},
	author={Giles, Michael B},
	journal={Operations research},
	volume={56},
	number={3},
	pages={607--617},
	year={2008},
	publisher={INFORMS}
}


